Simulation time,DDS time seconds,DDS time nanoseconds,Turbine Id,Setpoint,Current production,Max production,MS since last write,Cache count
0,1417723694,199997426,43,40,40,1087,50257001,0
0,1417723694,252996743,45,40,34,1265,50114001,0
0,1417723694,252996743,27,40,40,1087,50299001,0
1,1417723694,252996743,14,40,39,1260,50391001,3
1,1417723694,253996730,21,40,41,1256,49993001,0
1,1417723694,253996730,19,40,39,1069,50141001,0
1,1417723694,253996730,17,40,41,1256,50233001,0
1,1417723694,253996730,24,40,41,1549,50088001,0
2,1417723694,253996730,16,40,41,1549,50131001,0
2,1417723694,253996730,7,40,40,1084,50091001,0
2,1417723694,253996730,30,40,41,1234,49871001,0
2,1417723694,253996730,37,40,34,1265,49957001,0
2,1417723694,253996730,36,40,41,1351,49492001,0
3,1417723694,254996717,33,40,35,1265,50235001,0
3,1417723694,254996717,31,40,39,1069,51491001,1
3,1417723694,254996717,26,40,41,1253,52286001,1
3,1417723694,254996717,34,40,41,1253,52287001,3
3,1417723694,254996717,46,40,41,1234,52584001,3
4,1417723694,254996717,29,40,35,1265,51555001,2
4,1417723694,254996717,12,40,41,1549,54685001,6
4,1417723694,255996705,4,40,41,1549,50230001,0
4,1417723694,255996705,23,40,40,1084,48960001,0
4,1417723694,257996679,41,40,34,1265,50018001,0
5,1417723694,257996679,32,40,41,1351,50053001,0
5,1417723694,257996679,8,40,41,1549,50279001,0
5,1417723694,260996640,49,40,38,1265,49349001,0
5,1417723694,260996640,42,40,41,1234,49933001,0
5,1417723694,261996627,50,40,41,1253,50159001,0
6,1417723694,261996627,22,40,39,1255,50419001,1
6,1417723694,267996550,47,40,40,1087,50147001,0
6,1417723694,267996550,38,40,41,1253,50389001,0
6,1417723694,267996550,28,40,41,1416,50371001,1
6,1417723694,270996512,39,40,41,1093,47096001,0
7,1417723694,272996486,48,40,41,1351,50116001,0
7,1417723694,275996447,40,40,41,1386,50065001,0
7,1417723694,275996447,44,40,41,1351,50109001,0
7,1417723694,276996434,35,40,40,1087,50360001,0
7,1417723694,290996254,11,40,40,1084,50091001,0
8,1417723694,290996254,1,40,41,1256,50178001,0
8,1417723694,291996241,3,40,39,1075,50299001,0
8,1417723694,291996241,20,40,39,1541,50019001,0
8,1417723694,292996228,25,40,41,1256,50331001,0
8,1417723694,292996228,5,40,41,1256,49643001,0
9,1417723694,292996228,9,40,41,1256,50034001,0
9,1417723694,292996228,6,40,39,1260,50189001,0
9,1417723694,292996228,18,40,41,1283,49927001,0
9,1417723694,294996203,15,40,40,1084,50037001,0
9,1417723694,294996203,13,40,41,1256,49926001,0
10,1417723694,294996203,2,40,40,1274,50326001,0
10,1417723694,294996203,10,40,39,1260,50022001,0
10,1417723694,294996203,43,40,40,1087,50312001,0
10,1417723694,296996177,27,40,40,1087,50302001,0
10,1417723694,296996177,45,40,35,1265,49991001,0
11,1417723694,296996177,14,40,40,1270,50294001,0
11,1417723694,296996177,21,40,41,1256,50282001,0
11,1417723694,296996177,19,40,40,1084,50281001,0
11,1417723694,296996177,17,40,41,1256,50167001,0
11,1417723694,298996151,24,40,41,1549,50168001,0
12,1417723694,298996151,7,40,40,1084,50037001,0
12,1417723694,298996151,16,40,41,1549,50014001,0
12,1417723694,298996151,37,40,35,1265,50314001,0
12,1417723694,300996125,30,40,41,1245,50019001,0
12,1417723694,300996125,36,40,41,1351,50939001,1
13,1417723694,300996125,33,40,36,1265,48674001,0
13,1417723694,302996100,31,40,39,1069,48708001,0
13,1417723694,302996100,26,40,41,1253,49361001,0
13,1417723694,302996100,34,40,39,1238,47861001,0
13,1417723694,302996100,46,40,41,1245,48270001,0
14,1417723694,302996100,29,40,36,1265,50137001,0
14,1417723694,302996100,4,40,41,1549,49557001,0
14,1417723694,305996061,12,40,41,1549,48722001,0
14,1417723694,305996061,23,40,40,1084,50482001,1
14,1417723694,307996035,32,40,41,1351,50246001,0
15,1417723694,307996035,41,40,35,1265,50295001,0
15,1417723694,307996035,8,40,41,1549,49973001,0
15,1417723694,311995984,50,40,41,1253,50327001,0
15,1417723694,311995984,49,40,39,1265,50344001,0
15,1417723694,311995984,42,40,41,1245,50202001,0
16,1417723694,311995984,22,40,39,1260,49275001,0
16,1417723694,317995906,47,40,39,1069,50378001,0
16,1417723694,317995906,38,40,41,1253,50346001,0
16,1417723694,317995906,28,40,42,1437,50410001,0
16,1417723694,321995855,39,40,41,1093,50420001,1
17,1417723694,321995855,44,40,41,1351,50180001,0
17,1417723694,326995791,40,40,42,1414,49964001,0
17,1417723694,326995791,48,40,41,1351,49927001,0
17,1417723694,326995791,35,40,40,1087,50335001,0
17,1417723694,340995610,11,40,40,1084,50573001,0
18,1417723694,342995585,20,40,39,1541,50509001,0
18,1417723694,342995585,1,40,41,1256,50714001,0
18,1417723694,342995585,3,40,39,1075,50605001,0
18,1417723694,342995585,25,40,41,1256,51254001,1
18,1417723694,342995585,5,40,41,1256,51020001,5
19,1417723694,342995585,9,40,41,1256,51001001,5
19,1417723694,342995585,6,40,39,1260,50252001,0
19,1417723694,343995572,18,40,41,1283,50396001,0
19,1417723694,344995559,15,40,40,1090,50009001,0
19,1417723694,344995559,2,40,40,1274,50506001,4
20,1417723694,344995559,13,40,41,1256,50694001,1
20,1417723694,344995559,10,40,40,1270,50436001,0
20,1417723694,345995546,27,40,40,1087,50302001,0
20,1417723694,346995533,45,40,36,1265,49841001,0
20,1417723694,346995533,43,40,40,1087,50259001,0
21,1417723694,346995533,14,40,40,1270,50147001,0
21,1417723694,347995520,21,40,41,1256,49843001,0
21,1417723694,347995520,19,40,40,1084,49925001,0
21,1417723694,347995520,24,40,41,1560,50211001,0
21,1417723694,348995507,16,40,41,1560,50150001,0
22,1417723694,348995507,17,40,41,1256,50323001,0
22,1417723694,348995507,7,40,40,1090,50113001,0
22,1417723694,348995507,37,40,36,1265,50062001,0
22,1417723694,350995482,30,40,41,1245,50097001,0
22,1417723694,350995482,36,40,41,1351,49823001,0
23,1417723694,350995482,33,40,37,1265,50074001,0
23,1417723694,352995456,31,40,39,1069,50130001,0
23,1417723694,352995456,34,40,39,1238,50103001,0
23,1417723694,352995456,46,40,41,1245,50091001,0
23,1417723694,353995443,26,40,39,1238,49632001,0
24,1417723694,353995443,29,40,37,1265,50025001,0
24,1417723694,353995443,4,40,41,1560,50239001,0
24,1417723694,356995404,12,40,41,1560,50455001,2
24,1417723694,356995404,23,40,40,1090,50283001,0
24,1417723694,357995391,41,40,36,1265,49926001,0
25,1417723694,357995391,32,40,41,1351,49737001,0
25,1417723694,358995379,8,40,41,1560,50475001,1
25,1417723694,361995340,49,40,39,1265,50218001,0
25,1417723694,361995340,50,40,41,1253,50236001,0
25,1417723694,361995340,42,40,41,1245,50545001,1
26,1417723694,361995340,22,40,39,1260,49210001,0
26,1417723694,367995263,38,40,41,1253,50447001,1
26,1417723694,368995250,47,40,39,1069,50115001,0
26,1417723694,368995250,28,40,41,1437,50393001,0
26,1417723694,371995211,39,40,41,1093,50337001,0
27,1417723694,371995211,48,40,41,1351,50104001,0
27,1417723694,377995134,44,40,41,1351,50238001,0
27,1417723694,377995134,40,40,41,1414,50102001,0
27,1417723694,377995134,35,40,40,1087,48469001,0
27,1417723694,391994954,1,40,41,1256,50055001,0
28,1417723694,393994928,11,40,40,1084,50055001,0
28,1417723694,393994928,3,40,39,1075,50251001,0
28,1417723694,393994928,20,40,39,1541,49518001,0
28,1417723694,393994928,25,40,41,1256,49858001,0
28,1417723694,393994928,5,40,41,1256,49994001,0
29,1417723694,394994915,9,40,41,1256,49906001,0
29,1417723694,394994915,6,40,40,1270,49255001,0
29,1417723694,394994915,18,40,41,1283,50308001,0
29,1417723694,395994902,15,40,40,1090,50039001,0
29,1417723694,395994902,2,40,40,1274,50125001,0
30,1417723694,396994889,13,40,41,1256,50406001,2
30,1417723694,396994889,10,40,40,1270,50546001,1
30,1417723694,396994889,43,40,40,1087,50294001,0
30,1417723694,398994864,27,40,39,1069,50333001,0
30,1417723694,398994864,45,40,37,1265,50034001,0
31,1417723694,398994864,14,40,40,1270,50194001,0
31,1417723694,398994864,21,40,41,1256,50208001,0
31,1417723694,398994864,19,40,40,1084,49985001,0
31,1417723694,398994864,24,40,41,1560,50181001,0
31,1417723694,399994851,7,40,40,1090,50196001,0
32,1417723694,399994851,17,40,41,1256,50231001,0
32,1417723694,400994838,16,40,41,1560,50196001,0
32,1417723694,400994838,30,40,41,1245,50197001,0
32,1417723694,401994825,37,40,37,1265,50228001,0
32,1417723694,402994812,36,40,41,1351,50239001,0
33,1417723694,402994812,33,40,38,1265,50444001,1
33,1417723694,403994799,31,40,39,1063,50596001,1
33,1417723694,403994799,34,40,39,1238,50798001,2
33,1417723694,404994786,46,40,41,1245,50600001,2
33,1417723694,404994786,29,40,38,1265,50885001,0
34,1417723694,404994786,26,40,39,1238,48412001,0
34,1417723694,404994786,12,40,41,1560,48498001,0
34,1417723694,407994748,4,40,41,1560,50281001,0
34,1417723694,407994748,23,40,40,1090,50312001,0
34,1417723694,409994722,41,40,37,1265,50221001,0
35,1417723694,409994722,32,40,43,1386,50256001,0
35,1417723694,409994722,8,40,41,1560,50331001,0
35,1417723694,412994683,49,40,39,1265,50470001,3
35,1417723694,412994683,50,40,39,1238,50237001,0
35,1417723694,412994683,42,40,41,1245,49967001,0
36,1417723694,412994683,22,40,39,1260,50421001,1
36,1417723694,419994593,47,40,39,1069,50409001,1
36,1417723694,419994593,38,40,39,1238,50182001,0
36,1417723694,419994593,28,40,41,1437,48755001,0
36,1417723694,423994542,39,40,40,1087,47054001,0
37,1417723694,423994542,44,40,43,1386,50160001,0
37,1417723694,427994490,48,40,43,1386,50076001,0
37,1417723694,427994490,40,40,41,1414,50539001,0
37,1417723694,427994490,35,40,40,1087,50427001,1
37,1417723694,442994297,3,40,39,1065,50681001,0
38,1417723694,444994271,1,40,41,1256,50301001,0
38,1417723694,444994271,20,40,39,1541,50720001,0
38,1417723694,444994271,11,40,40,1090,50086001,0
38,1417723694,444994271,25,40,41,1256,50724001,0
38,1417723694,444994271,5,40,41,1256,50991001,4
39,1417723694,444994271,9,40,41,1256,51123001,4
39,1417723694,444994271,6,40,40,1270,51357001,8
39,1417723694,444994271,18,40,40,1274,49922001,0
39,1417723694,445994258,15,40,40,1090,50247001,0
39,1417723694,446994246,2,40,38,1252,50376001,2
40,1417723694,446994246,13,40,41,1256,50051001,0
40,1417723694,446994246,10,40,40,1270,50432001,1
40,1417723694,446994246,45,40,38,1265,49985001,0
40,1417723694,448994220,27,40,39,1069,49945001,0
40,1417723694,448994220,43,40,39,1069,50260001,0
41,1417723694,448994220,21,40,41,1256,50191001,0
41,1417723694,448994220,19,40,40,1090,50061001,0
41,1417723694,448994220,14,40,41,1283,50141001,0
41,1417723694,449994207,17,40,41,1256,50171001,0
41,1417723694,450994194,24,40,41,1560,50143001,0
42,1417723694,450994194,7,40,40,1090,50204001,0
42,1417723694,450994194,16,40,41,1560,50319001,0
42,1417723694,450994194,37,40,38,1265,50223001,0
42,1417723694,452994168,30,40,41,1251,50057001,0
42,1417723694,452994168,36,40,43,1386,48658001,0
43,1417723694,452994168,33,40,39,1265,50084001,0
43,1417723694,454994143,31,40,39,1063,48749001,0
43,1417723694,454994143,34,40,39,1237,49865001,0
43,1417723694,454994143,46,40,41,1251,50142001,0
43,1417723694,454994143,29,40,39,1265,50562001,1
44,1417723694,454994143,26,40,39,1238,50376001,2
44,1417723694,455994130,12,40,41,1560,50464001,2
44,1417723694,457994104,4,40,41,1560,50332001,0
44,1417723694,457994104,23,40,40,1090,50293001,0
44,1417723694,459994078,41,40,38,1265,50073001,0
45,1417723694,459994078,32,40,42,1386,47565001,0
45,1417723694,459994078,8,40,41,1560,50334001,0
45,1417723694,463994027,50,40,39,1238,50268001,0
45,1417723694,463994027,49,40,39,1265,50055001,0
45,1417723694,463994027,42,40,41,1251,50669001,2
46,1417723694,463994027,22,40,40,1270,49124001,0
46,1417723694,469993949,38,40,39,1238,50130001,0
46,1417723694,469993949,47,40,39,1063,50166001,0
46,1417723694,469993949,28,40,42,1464,50389001,1
46,1417723694,473993898,39,40,40,1087,47048001,0
47,1417723694,473993898,48,40,42,1386,50058001,0
47,1417723694,477993846,44,40,42,1386,49929001,0
47,1417723694,478993834,40,40,41,1416,50116001,0
47,1417723694,478993834,35,40,39,1069,50351001,0
47,1417723694,492993653,11,40,40,1090,49442001,0
48,1417723694,494993628,1,40,41,1256,49270001,0
48,1417723694,494993628,3,40,39,1065,49929001,0
48,1417723694,494993628,5,40,41,1256,49832001,0
48,1417723694,494993628,20,40,39,1536,50043001,0
48,1417723694,495993615,25,40,41,1256,49307001,0
49,1417723694,495993615,6,40,40,1270,49710001,0
49,1417723694,495993615,9,40,41,1256,50338001,2
49,1417723694,495993615,2,40,39,1252,50301001,0
49,1417723694,496993602,15,40,40,1090,50445001,2
49,1417723694,496993602,18,40,40,1274,50282001,0
50,1417723694,496993602,13,40,41,1256,50281001,0
50,1417723694,496993602,10,40,41,1283,50104001,0
50,1417723694,496993602,43,40,39,1069,50297001,0
50,1417723694,498993576,45,40,39,1265,50253001,0
50,1417723694,498993576,27,40,39,1069,50208001,0
51,1417723694,498993576,14,40,41,1283,50350001,0
51,1417723694,498993576,21,40,41,1256,49942001,0
51,1417723694,498993576,19,40,40,1090,50127001,0
51,1417723694,498993576,7,40,40,1090,50157001,0
51,1417723694,500993550,16,40,40,1557,50211001,0
52,1417723694,500993550,17,40,41,1256,50087001,0
52,1417723694,500993550,24,40,40,1557,50075001,0
52,1417723694,500993550,30,40,41,1251,50223001,0
52,1417723694,502993525,37,40,39,1265,50297001,0
52,1417723694,502993525,36,40,42,1386,50474001,1
53,1417723694,502993525,31,40,39,1063,50550001,1
53,1417723694,504993499,34,40,39,1237,50385001,0
53,1417723694,504993499,33,40,39,1265,50103001,0
53,1417723694,505993486,46,40,41,1251,50948001,0
53,1417723694,505993486,29,40,39,1265,50094001,0
54,1417723694,505993486,26,40,39,1237,51138001,1
54,1417723694,505993486,12,40,40,1557,50271001,0
54,1417723694,507993460,4,40,40,1557,50335001,0
54,1417723694,508993447,23,40,40,1090,50319001,0
54,1417723694,509993434,32,40,41,1386,50447001,2
55,1417723694,509993434,41,40,39,1265,50284001,0
55,1417723694,509993434,8,40,40,1557,50308001,0
55,1417723694,513993383,49,40,39,1265,50286001,0
55,1417723694,513993383,50,40,39,1238,50397001,0
55,1417723694,513993383,42,40,41,1251,50231001,0
56,1417723694,513993383,22,40,40,1270,50398001,1
56,1417723694,519993306,47,40,39,1063,50192001,0
56,1417723694,519993306,38,40,39,1238,50192001,0
56,1417723694,519993306,28,40,41,1464,50452001,0
56,1417723694,523993254,39,40,40,1087,50591001,1
57,1417723694,523993254,44,40,41,1386,50243001,0
57,1417723694,528993190,40,40,41,1416,50253001,0
57,1417723694,528993190,48,40,41,1386,36175001,0
57,1417723694,528993190,35,40,39,1069,50446002,0
57,1417723694,542993010,1,40,41,1256,49631001,0
58,1417723694,544992984,11,40,40,1090,49729001,0
58,1417723694,545992971,3,40,39,1065,50096001,0
58,1417723694,545992971,5,40,41,1256,50401001,1
58,1417723694,545992971,20,40,39,1536,50277001,0
58,1417723694,545992971,25,40,41,1256,50386001,0
59,1417723694,545992971,6,40,41,1283,50041001,0
59,1417723694,545992971,9,40,41,1256,50287001,0
59,1417723694,545992971,2,40,39,1252,49992001,0
59,1417723694,545992971,18,40,40,1274,50380001,1
59,1417723694,546992958,13,40,41,1256,49936001,0
60,1417723694,546992958,15,40,39,1081,50306001,0
60,1417723694,546992958,10,40,41,1283,50574001,4
60,1417723694,546992958,27,40,39,1063,50216001,0
60,1417723694,548992932,43,40,39,1069,50302001,0
60,1417723694,548992932,45,40,39,1265,50079001,0
61,1417723694,549992920,21,40,41,1256,50548001,0
61,1417723694,549992920,14,40,41,1283,50805001,1
61,1417723694,549992920,19,40,40,1090,50567001,0
61,1417723694,549992920,7,40,39,1081,50175001,0
61,1417723694,550992907,16,40,40,1557,50077001,0
62,1417723694,550992907,17,40,41,1256,50172001,0
62,1417723694,550992907,24,40,40,1557,50122001,0
62,1417723694,551992894,37,40,39,1265,50170001,0
62,1417723694,552992881,30,40,41,1251,50158002,0
62,1417723694,552992881,36,40,41,1386,50222001,0
63,1417723694,552992881,34,40,39,1237,50563002,2
63,1417723694,554992855,31,40,39,1072,49884001,0
63,1417723694,555992842,33,40,39,1265,49591001,0
63,1417723694,555992842,29,40,39,1265,50550002,1
63,1417723694,555992842,46,40,41,1251,50019002,0
64,1417723694,555992842,26,40,39,1237,50118002,0
64,1417723694,555992842,12,40,40,1557,50265001,0
64,1417723694,558992804,4,40,40,1557,48607001,0
64,1417723694,558992804,23,40,39,1081,50304001,0
64,1417723694,559992791,32,40,42,1414,50161002,0
65,1417723694,559992791,41,40,39,1265,50153002,0
65,1417723694,560992778,8,40,40,1557,50274001,0
65,1417723694,563992739,50,40,39,1237,50348001,0
65,1417723694,563992739,49,40,39,1265,49897002,0
65,1417723694,563992739,42,40,41,1251,49983001,0
66,1417723694,563992739,22,40,40,1270,50360001,0
66,1417723694,570992649,38,40,39,1237,50197001,0
66,1417723694,570992649,47,40,39,1063,50260001,0
66,1417723694,570992649,28,40,41,1464,48871002,0
66,1417723694,574992598,39,40,40,1087,50365002,0
67,1417723694,574992598,44,40,42,1414,50349002,0
67,1417723694,578992546,40,40,41,1416,50527002,1
67,1417723694,578992546,48,40,42,1414,51112001,2
67,1417723694,578992546,35,40,39,1069,50354001,0
67,1417723694,593992353,11,40,40,1090,49455002,0
68,1417723694,595992327,5,40,41,1256,49368002,0
68,1417723694,595992327,1,40,41,1256,49563001,0
68,1417723694,595992327,3,40,39,1065,50201001,0
68,1417723694,595992327,20,40,39,1536,50245001,0
68,1417723694,595992327,25,40,41,1256,49744002,0
69,1417723694,595992327,6,40,41,1283,50194002,0
69,1417723694,595992327,9,40,41,1256,49928001,0
69,1417723694,596992314,18,40,38,1252,50275002,0
69,1417723694,596992314,2,40,39,1249,49842002,0
69,1417723694,596992314,13,40,41,1256,50133002,0
70,1417723694,596992314,15,40,39,1081,50284001,0
70,1417723694,596992314,10,40,41,1283,50158002,0
70,1417723694,596992314,43,40,39,1063,50246002,0
70,1417723694,599992276,27,40,39,1063,50236002,0
70,1417723694,599992276,45,40,39,1265,50080001,0
71,1417723694,599992276,14,40,41,1283,50300001,0
71,1417723694,599992276,19,40,40,1090,49412002,0
71,1417723694,599992276,21,40,41,1256,49709001,0
71,1417723694,599992276,7,40,39,1081,50012002,0
71,1417723694,600992263,16,40,40,1557,50032002,0
72,1417723694,601992250,24,40,40,1557,50197002,0
72,1417723694,601992250,17,40,41,1256,50233001,0
72,1417723694,601992250,30,40,41,1253,50364002,0
72,1417723694,603992224,37,40,39,1265,50414002,0
72,1417723694,603992224,36,40,42,1414,50382002,0
73,1417723694,603992224,34,40,39,1244,50092001,0
73,1417723694,605992199,31,40,39,1072,50066002,0
73,1417723694,605992199,33,40,39,1265,49278001,0
73,1417723694,605992199,29,40,39,1265,50201002,0
73,1417723694,605992199,46,40,41,1253,50511002,1
74,1417723694,605992199,26,40,39,1237,50418002,2
74,1417723694,605992199,12,40,40,1557,50339001,0
74,1417723694,608992160,4,40,40,1557,50469001,2
74,1417723694,608992160,23,40,39,1081,48870002,0
74,1417723694,608992160,41,40,39,1265,50286002,0
75,1417723694,611992121,32,40,41,1414,50455002,0
75,1417723694,611992121,8,40,40,1557,49832002,0
75,1417723694,613992096,49,40,39,1265,50347002,0
75,1417723694,614992083,50,40,39,1237,50329002,0
75,1417723694,614992083,42,40,41,1253,50199001,0
76,1417723694,614992083,22,40,41,1283,50325002,0
76,1417723694,620992005,38,40,39,1237,50229002,0
76,1417723694,620992005,47,40,39,1072,50396002,0
76,1417723694,620992005,28,40,43,1499,50402002,1
76,1417723694,624991954,39,40,39,1069,50326002,0
77,1417723694,624991954,44,40,41,1414,50030002,0
77,1417723694,628991902,40,40,41,1416,50472002,1
77,1417723694,628991902,48,40,41,1414,36359002,0
77,1417723694,628991902,35,40,39,1063,47871002,0
77,1417723694,643991709,3,40,38,1049,50259002,0
78,1417723694,645991684,11,40,39,1081,49920002,0
78,1417723694,645991684,5,40,41,1256,50308002,0
78,1417723694,645991684,1,40,41,1256,50093002,0
78,1417723694,646991671,25,40,41,1256,50067002,0
78,1417723694,646991671,9,40,41,1256,50286002,0
79,1417723694,646991671,6,40,41,1283,50047002,0
79,1417723694,646991671,20,40,39,1535,50569002,0
79,1417723694,646991671,18,40,39,1252,50202002,0
79,1417723694,646991671,13,40,41,1256,50133002,0
79,1417723694,646991671,2,40,39,1249,49893002,0
80,1417723694,646991671,15,40,39,1081,50106002,0
80,1417723694,646991671,10,40,41,1283,50430002,4
80,1417723694,647991658,27,40,39,1063,50215002,0
80,1417723694,649991632,43,40,39,1063,50260002,0
80,1417723694,649991632,45,40,39,1265,50178002,0
81,1417723694,649991632,14,40,40,1274,50175002,0
81,1417723694,649991632,19,40,39,1081,49952002,0
81,1417723694,649991632,21,40,41,1256,50177002,0
81,1417723694,649991632,17,40,41,1256,50229002,0
81,1417723694,651991606,16,40,39,1541,50096002,0
82,1417723694,651991606,24,40,39,1541,50183002,0
82,1417723694,651991606,7,40,39,1081,50087002,0
82,1417723694,651991606,30,40,41,1253,50110002,0
82,1417723694,653991581,37,40,39,1265,50157002,0
82,1417723694,653991581,36,40,41,1414,50114002,0
83,1417723694,653991581,34,40,39,1244,50016002,0
83,1417723694,655991555,31,40,39,1072,49907002,0
83,1417723694,655991555,33,40,39,1265,50315002,3
83,1417723694,655991555,26,40,39,1244,50119002,0
83,1417723694,655991555,46,40,41,1253,50239002,0
84,1417723694,656991542,29,40,39,1265,50009002,0
84,1417723694,656991542,4,40,39,1541,50248002,0
84,1417723694,658991516,12,40,39,1541,48645002,0
84,1417723694,658991516,23,40,39,1081,50448002,1
84,1417723694,659991503,41,40,39,1265,49920002,0
85,1417723694,661991478,32,40,41,1414,49988002,0
85,1417723694,661991478,8,40,39,1541,49811002,0
85,1417723694,664991439,49,40,39,1265,49745002,0
85,1417723694,664991439,42,40,41,1253,49758002,0
85,1417723694,664991439,50,40,39,1237,50249002,0
86,1417723694,664991439,22,40,41,1283,50374002,0
86,1417723694,670991362,47,40,39,1072,50229002,0
86,1417723694,670991362,38,40,39,1237,50235002,0
86,1417723694,670991362,28,40,42,1499,50296002,0
86,1417723694,674991310,39,40,39,1069,47688002,0
87,1417723694,674991310,44,40,41,1414,50415002,1
87,1417723694,678991259,40,40,42,1437,50258002,0
87,1417723694,678991259,48,40,41,1414,36288002,0
87,1417723694,679991246,35,40,39,1063,50396002,1
87,1417723694,693991066,5,40,41,1256,49853002,0
88,1417723694,696991027,1,40,41,1256,50017002,0
88,1417723694,696991027,25,40,41,1256,49717002,0
88,1417723694,696991027,9,40,41,1256,50117002,0
88,1417723694,696991027,6,40,41,1283,49944002,0
88,1417723694,696991027,3,40,39,1049,50226002,0
89,1417723694,696991027,11,40,39,1081,50009002,0
89,1417723694,696991027,20,40,39,1535,50663002,0
89,1417723694,696991027,2,40,39,1249,50159002,0
89,1417723694,696991027,13,40,41,1256,49912002,0
89,1417723694,697991014,10,40,40,1274,50120002,0
90,1417723694,697991014,15,40,39,1075,50365002,0
90,1417723694,697991014,18,40,39,1252,50308002,0
90,1417723694,697991014,43,40,39,1063,50261002,0
90,1417723694,699990988,27,40,39,1072,50252002,0
90,1417723694,699990988,45,40,39,1265,50211002,0
91,1417723694,699990988,14,40,40,1274,50422002,1
91,1417723694,700990975,19,40,39,1081,50012002,0
91,1417723694,700990975,21,40,41,1256,50491002,5
91,1417723694,700990975,17,40,41,1256,50214002,0
91,1417723694,701990963,16,40,39,1541,50099002,0
92,1417723694,701990963,24,40,39,1541,50214002,0
92,1417723694,701990963,7,40,39,1075,50019002,0
92,1417723694,701990963,30,40,41,1253,50028002,0
92,1417723694,703990937,37,40,39,1265,50258002,0
92,1417723694,703990937,36,40,41,1414,50226002,0
93,1417723694,704990924,31,40,39,1072,50086002,0
93,1417723694,705990911,34,40,39,1244,50222002,0
93,1417723694,705990911,33,40,39,1265,50477002,0
93,1417723694,706990898,29,40,39,1265,50164002,0
93,1417723694,706990898,46,40,41,1253,50244002,0
94,1417723694,706990898,26,40,39,1244,50285002,0
94,1417723694,706990898,4,40,39,1541,50253002,0
94,1417723694,709990860,12,40,39,1541,50548002,2
94,1417723694,709990860,23,40,39,1075,50341002,0
94,1417723694,709990860,32,40,41,1416,50545002,0
95,1417723694,712990821,41,40,39,1265,50838002,0
95,1417723694,712990821,8,40,39,1541,50418002,1
95,1417723694,714990795,42,40,41,1253,50148002,0
95,1417723694,714990795,50,40,39,1244,50399002,0
95,1417723694,714990795,49,40,39,1265,50111002,0
96,1417723694,714990795,22,40,41,1283,50302002,0
96,1417723694,720990718,38,40,39,1244,50195002,0
96,1417723694,721990705,47,40,39,1072,50158002,0
96,1417723694,721990705,28,40,41,1499,48768002,0
96,1417723694,724990666,39,40,39,1069,50422002,1
97,1417723694,725990654,40,40,41,1437,50296002,0
97,1417723694,729990602,44,40,41,1416,50270002,0
97,1417723694,729990602,48,40,41,1416,36258002,0
97,1417723694,729990602,35,40,39,1063,50270002,0
97,1417723694,743990422,5,40,41,1256,49365002,0
98,1417723694,746990383,1,40,41,1256,49642002,0
98,1417723694,746990383,9,40,41,1256,49479002,0
98,1417723694,746990383,3,40,39,1049,50228002,0
98,1417723694,746990383,6,40,40,1274,50049002,0
98,1417723694,746990383,20,40,39,1535,50106002,0
99,1417723694,746990383,11,40,39,1081,50004002,0
99,1417723694,746990383,25,40,41,1256,50356002,0
99,1417723694,746990383,13,40,41,1256,50456002,2
99,1417723694,747990370,10,40,40,1274,49969002,0
99,1417723694,747990370,2,40,39,1249,49890002,0
100,1417723694,747990370,15,40,39,1075,50068002,0
100,1417723694,747990370,18,40,39,1249,47544002,0
100,1417723694,747990370,27,40,39,1072,50203002,0
100,1417723694,749990345,43,40,39,1072,50241002,0
100,1417723694,750990332,45,40,39,1265,50118002,0
101,1417723694,750990332,14,40,40,1274,50310002,0
101,1417723694,750990332,19,40,39,1081,50005002,0
101,1417723694,750990332,21,40,41,1256,49786002,0
101,1417723694,750990332,16,40,39,1541,50041002,0
101,1417723694,751990319,17,40,41,1256,50135002,0
102,1417723694,751990319,24,40,39,1541,50199002,0
102,1417723694,752990306,7,40,39,1075,50059002,0
102,1417723694,752990306,37,40,39,1265,49578002,0
102,1417723694,754990280,30,40,41,1253,49629002,0
102,1417723694,754990280,36,40,41,1416,48408002,0
103,1417723694,754990280,34,40,39,1244,50003002,0
103,1417723694,756990254,31,40,39,1079,49634002,0
103,1417723694,756990254,33,40,39,1265,49250002,0
103,1417723694,756990254,26,40,39,1244,50195002,0
103,1417723694,756990254,29,40,39,1265,50260002,0
104,1417723694,757990242,46,40,41,1253,50081002,0
104,1417723694,758990229,12,40,39,1541,50164002,0
104,1417723694,758990229,4,40,39,1541,50171002,0
104,1417723694,758990229,23,40,39,1075,48590002,0
104,1417723694,760990203,32,40,41,1416,50156002,0
105,1417723694,761990190,41,40,39,1265,50876002,1
105,1417723694,762990177,8,40,39,1541,50343002,0
105,1417723694,764990151,42,40,41,1253,49794002,0
105,1417723694,764990151,50,40,39,1244,50200002,0
105,1417723694,764990151,49,40,39,1265,50143002,0
106,1417723694,765990139,22,40,41,1283,50281002,0
106,1417723694,771990061,47,40,39,1072,50152002,0
106,1417723694,771990061,38,40,39,1244,50154002,0
106,1417723694,771990061,28,40,41,1499,50402002,1
106,1417723694,775990010,39,40,39,1063,47424002,0
107,1417723694,775990010,40,40,41,1437,50379002,0
107,1417723694,779989958,44,40,41,1416,50364002,0
107,1417723694,779989958,48,40,41,1416,36240002,0
107,1417723694,779989958,35,40,39,1072,50428002,0
107,1417723694,794989765,5,40,41,1256,50022002,0
108,1417723694,796989740,9,40,41,1256,49674002,0
108,1417723694,796989740,3,40,39,1056,50006002,0
108,1417723694,796989740,6,40,40,1274,50225002,0
108,1417723694,797989727,20,40,40,1549,50435002,3
108,1417723694,797989727,11,40,39,1075,50291002,0
109,1417723694,797989727,1,40,41,1256,50208002,0
109,1417723694,797989727,25,40,41,1256,49710002,0
109,1417723694,797989727,10,40,40,1274,50088002,0
109,1417723694,797989727,13,40,41,1256,49998002,0
109,1417723694,797989727,15,40,39,1075,50200002,0
110,1417723694,797989727,2,40,39,1241,49844002,0
110,1417723694,797989727,18,40,39,1249,50327002,5
110,1417723694,797989727,43,40,39,1072,50425002,0
110,1417723694,800989688,45,40,39,1265,50240002,0
110,1417723694,800989688,27,40,39,1072,50467002,0
111,1417723694,800989688,14,40,38,1252,50151002,0
111,1417723694,800989688,19,40,39,1075,50060002,0
111,1417723694,800989688,21,40,41,1256,50145002,0
111,1417723694,800989688,24,40,39,1541,50240002,0
111,1417723694,800989688,16,40,39,1541,50086002,0
112,1417723694,801989675,7,40,39,1075,50110002,0
112,1417723694,801989675,17,40,41,1256,50297002,0
112,1417723694,801989675,30,40,39,1238,50446000,0
112,1417723694,804989637,37,40,39,1265,50371000,0
112,1417723694,804989637,36,40,41,1416,48688000,0
113,1417723694,804989637,34,40,40,1257,50255000,0
113,1417723694,806989611,31,40,39,1079,50260000,0
113,1417723694,806989611,33,40,39,1265,50727000,3
113,1417723694,806989611,26,40,39,1244,50516000,0
113,1417723694,806989611,29,40,39,1265,50828000,0
114,1417723694,808989585,46,40,39,1238,51549000,0
114,1417723694,808989585,4,40,39,1541,50349002,0
114,1417723694,808989585,12,40,39,1541,50254002,0
114,1417723694,808989585,23,40,39,1075,50417002,1
114,1417723694,811989546,32,40,41,1416,50629000,1
115,1417723694,813989521,41,40,39,1265,50322000,0
115,1417723694,813989521,8,40,39,1541,50321002,0
115,1417723694,815989495,50,40,39,1244,50217000,0
115,1417723694,815989495,42,40,39,1238,50240000,0
115,1417723694,815989495,49,40,39,1265,50247000,0
116,1417723694,815989495,22,40,40,1274,50429000,0
116,1417723694,821989418,47,40,39,1079,50364000,0
116,1417723694,821989418,38,40,39,1244,50299000,0
116,1417723694,821989418,28,40,41,1513,50364000,0
116,1417723694,825989366,39,40,39,1063,50500000,1
117,1417723694,825989366,44,40,41,1416,50280000,0
117,1417723694,829989315,40,40,42,1464,50367000,0
117,1417723694,830989302,48,40,41,1416,50409000,1
117,1417723694,830989302,35,40,39,1072,50243000,0
117,1417723694,844989122,9,40,41,1256,49781000,0
118,1417723694,846989096,5,40,41,1256,50193000,0
118,1417723694,847989083,3,40,39,1056,49929000,0
118,1417723694,847989083,6,40,40,1274,49773000,0
118,1417723694,847989083,20,40,40,1549,50559000,4
118,1417723694,847989083,11,40,39,1075,50699000,3
119,1417723694,847989083,1,40,41,1256,50625000,6
119,1417723694,847989083,25,40,41,1256,49856000,0
119,1417723694,847989083,13,40,41,1256,49937000,0
119,1417723694,847989083,10,40,38,1252,50186000,0
119,1417723694,847989083,15,40,39,1065,50187000,0
120,1417723694,848989070,2,40,39,1241,50511000,1
120,1417723694,848989070,18,40,39,1249,50576000,1
120,1417723694,848989070,27,40,39,1072,49974000,0
120,1417723694,850989044,45,40,39,1265,49349000,0
120,1417723694,850989044,43,40,39,1072,50127000,0
121,1417723694,851989031,21,40,41,1256,50154000,0
121,1417723694,851989031,14,40,39,1252,50167000,0
121,1417723694,851989031,19,40,39,1075,50289000,0
121,1417723694,851989031,16,40,39,1536,50090000,0
121,1417723694,851989031,17,40,41,1256,50104000,0
122,1417723694,851989031,24,40,39,1536,50164000,0
122,1417723694,851989031,7,40,39,1065,50235000,0
122,1417723694,851989031,30,40,39,1238,49369000,0
122,1417723694,854988993,37,40,39,1265,50243000,0
122,1417723694,855988980,36,40,41,1416,47868000,0
123,1417723694,856988967,31,40,39,1079,49930000,0
123,1417723694,856988967,33,40,39,1265,49399000,0
123,1417723694,857988954,34,40,40,1257,49778000,0
123,1417723694,857988954,26,40,40,1257,49414000,0
123,1417723694,857988954,29,40,39,1265,50587000,1
124,1417723694,858988941,46,40,39,1238,50124000,0
124,1417723694,858988941,4,40,39,1536,48870000,0
124,1417723694,858988941,12,40,39,1536,50325000,0
124,1417723694,858988941,23,40,39,1065,50273000,0
124,1417723694,861988903,41,40,39,1265,50095000,0
125,1417723694,863988877,32,40,41,1416,50108000,0
125,1417723694,863988877,8,40,39,1536,49641000,0
125,1417723694,865988851,50,40,39,1244,50035000,0
125,1417723694,865988851,49,40,39,1265,49740000,0
125,1417723694,865988851,42,40,39,1238,50640000,1
126,1417723694,865988851,22,40,40,1274,50315000,0
126,1417723694,872988761,47,40,39,1079,50291000,0
126,1417723694,872988761,38,40,39,1244,50174000,0
126,1417723694,872988761,28,40,41,1513,50359000,0
126,1417723694,875988722,39,40,39,1063,50168000,0
127,1417723694,875988722,44,40,41,1416,49942000,0
127,1417723694,880988658,40,40,41,1464,49846000,0
127,1417723694,880988658,48,40,41,1416,50184000,0
127,1417723694,880988658,35,40,39,1072,47527000,0
127,1417723694,895988465,3,40,39,1056,49819000,0
128,1417723694,897988439,9,40,41,1256,49738000,0
128,1417723694,897988439,6,40,38,1252,49994000,0
128,1417723694,897988439,5,40,41,1256,50088000,0
128,1417723694,897988439,11,40,39,1075,50277000,0
128,1417723694,897988439,1,40,33,1172,50203000,0
129,1417723694,897988439,20,40,40,1549,49535000,0
129,1417723694,897988439,13,40,41,1256,50419000,1
129,1417723694,897988439,25,40,41,1256,50500000,1
129,1417723694,897988439,10,40,39,1252,50412000,1
129,1417723694,898988426,2,40,39,1241,49917000,0
130,1417723694,898988426,15,40,39,1065,50462000,1
130,1417723694,898988426,18,40,39,1249,50103000,0
130,1417723694,898988426,43,40,39,1072,50298000,0
130,1417723694,901988388,27,40,39,1079,50298000,0
130,1417723694,901988388,14,40,39,1252,50225000,0
131,1417723694,901988388,45,40,39,1265,50023000,0
131,1417723694,901988388,21,40,41,1256,49936000,0
131,1417723694,901988388,19,40,39,1075,49899000,0
131,1417723694,901988388,24,40,39,1536,50274000,0
131,1417723694,901988388,17,40,41,1256,50013000,0
132,1417723694,901988388,7,40,39,1065,49951000,0
132,1417723694,902988375,16,40,39,1536,50223000,0
132,1417723694,902988375,30,40,39,1238,50336000,0
132,1417723694,905988336,37,40,39,1265,50290000,0
132,1417723694,905988336,31,40,40,1093,51672000,1
133,1417723694,907988310,36,40,41,1416,51924000,1
133,1417723694,907988310,33,40,39,1265,50870000,1
133,1417723694,907988310,34,40,40,1257,52502000,1
133,1417723694,907988310,26,40,40,1257,50413000,1
133,1417723694,907988310,29,40,39,1265,50237000,0
134,1417723694,908988298,46,40,39,1238,50283000,0
134,1417723694,909988285,12,40,39,1536,50204000,0
134,1417723694,909988285,4,40,39,1536,48883000,0
134,1417723694,909988285,23,40,39,1065,50368000,0
134,1417723694,911988259,32,40,42,1437,50489000,0
135,1417723694,913988233,41,40,39,1265,50451000,0
135,1417723694,913988233,8,40,39,1536,50400000,1
135,1417723694,914988220,50,40,40,1257,50319000,0
135,1417723694,915988207,42,40,39,1238,50205000,0
135,1417723694,916988195,49,40,39,1265,50214000,0
136,1417723694,916988195,22,40,40,1274,49136000,0
136,1417723694,922988117,38,40,40,1257,50115000,0
136,1417723694,922988117,47,40,39,1079,50218000,0
136,1417723694,922988117,28,40,41,1513,50271000,0
136,1417723694,926988066,39,40,39,1072,50322000,0
137,1417723694,926988066,40,40,41,1464,50258000,0
137,1417723694,930988014,44,40,42,1437,50338000,0
137,1417723694,930988014,48,40,42,1437,50440000,2
137,1417723694,930988014,35,40,39,1072,48060000,0
137,1417723694,945987821,5,40,33,1172,50138000,0
138,1417723694,947987795,6,40,39,1252,49921000,0
138,1417723694,947987795,9,40,41,1256,50246000,0
138,1417723694,947987795,3,40,40,1073,50233000,0
138,1417723694,947987795,1,40,34,1172,50230000,0
138,1417723694,947987795,11,40,39,1065,49998000,0
139,1417723694,948987783,20,40,40,1549,50580000,1
139,1417723694,948987783,13,40,41,1256,50099000,0
139,1417723694,948987783,10,40,39,1252,49870000,0
139,1417723694,948987783,25,40,41,1256,49956000,0
139,1417723694,948987783,2,40,39,1237,50413000,4
140,1417723694,948987783,15,40,39,1065,50257000,0
140,1417723694,948987783,18,40,39,1241,51228000,2
140,1417723694,948987783,27,40,39,1079,50183000,0
140,1417723694,951987744,45,40,39,1265,50070000,0
140,1417723694,951987744,14,40,39,1249,50083000,0
141,1417723694,951987744,43,40,39,1079,50353000,0
141,1417723694,951987744,21,40,41,1256,49946000,0
141,1417723694,951987744,19,40,39,1065,50177000,0
141,1417723694,951987744,7,40,39,1065,50107000,0
141,1417723694,952987731,24,40,39,1536,50231000,0
142,1417723694,952987731,16,40,39,1536,50179000,0
142,1417723694,952987731,17,40,41,1256,50193000,0
142,1417723694,953987718,30,40,39,1237,50198000,0
142,1417723694,955987692,37,40,39,1265,50279000,0
142,1417723694,955987692,36,40,42,1437,49494000,0
143,1417723694,957987667,31,40,40,1093,50088000,0
143,1417723694,957987667,34,40,41,1280,49632000,0
143,1417723694,957987667,33,40,39,1265,50284000,0
143,1417723694,957987667,26,40,40,1257,49981000,0
143,1417723694,958987654,29,40,39,1265,50236000,0
144,1417723694,959987641,46,40,39,1237,50167000,0
144,1417723694,959987641,12,40,39,1536,50219000,0
144,1417723694,959987641,4,40,39,1536,50435000,2
144,1417723694,959987641,23,40,39,1065,50320000,0
144,1417723694,962987602,32,40,41,1437,50087000,0
145,1417723694,964987577,41,40,39,1265,50361000,0
145,1417723694,964987577,8,40,39,1536,50355000,0
145,1417723694,964987577,49,40,32,1193,49833000,0
145,1417723694,966987551,42,40,39,1237,50481000,2
145,1417723694,966987551,50,40,40,1257,50145000,0
146,1417723694,966987551,22,40,38,1252,49223000,0
146,1417723694,972987474,38,40,40,1257,50316000,0
146,1417723694,972987474,47,40,40,1093,50324000,0
146,1417723694,972987474,28,40,41,1522,48831000,0
146,1417723694,976987422,39,40,39,1072,50307000,0
147,1417723694,976987422,44,40,41,1437,50307000,0
147,1417723694,980987371,40,40,43,1499,50302000,0
147,1417723694,980987371,48,40,41,1437,50143000,0
147,1417723694,980987371,35,40,39,1079,50475000,1
147,1417723694,995987177,5,40,34,1172,50028000,0
148,1417723694,997987152,9,40,41,1256,49926000,0
148,1417723694,998987139,6,40,39,1252,50131000,0
148,1417723694,998987139,3,40,40,1073,50416000,0
148,1417723694,998987139,11,40,39,1065,50014000,0
148,1417723694,998987139,20,40,40,1553,50546000,6
149,1417723694,998987139,1,40,35,1172,49431000,0
149,1417723694,998987139,13,40,41,1256,49957000,0
149,1417723694,998987139,10,40,39,1249,49665000,0
149,1417723694,998987139,2,40,39,1237,49924000,0
149,1417723694,998987139,15,40,39,1065,50131000,0
150,1417723695,0,18,40,39,1241,50091000,0
150,1417723695,0,25,40,41,1256,51056000,2
150,1417723695,0,14,40,39,1249,50216000,0
150,1417723695,1999975,21,40,41,1256,50023000,0
150,1417723695,1999975,19,40,39,1065,50122000,0
151,1417723695,1999975,27,40,39,1079,49913000,0
151,1417723695,2999962,45,40,39,1265,49845000,0
151,1417723695,2999962,43,40,39,1079,50148000,0
151,1417723695,2999962,7,40,39,1065,49933000,0
151,1417723695,2999962,24,40,39,1535,50235000,0
152,1417723695,2999962,16,40,39,1535,50096000,0
152,1417723695,2999962,17,40,41,1256,50524000,0
152,1417723695,2999962,37,40,39,1265,50282000,0
152,1417723695,6999910,30,40,39,1237,50346000,0
152,1417723695,6999910,36,40,41,1437,50609000,1
153,1417723695,7999898,31,40,40,1093,50472000,0
153,1417723695,8999885,34,40,41,1280,50764000,1
153,1417723695,8999885,33,40,39,1265,50911000,1
153,1417723695,8999885,26,40,41,1280,50554000,1
153,1417723695,8999885,29,40,39,1265,50729000,1
154,1417723695,8999885,46,40,39,1237,50155000,0
154,1417723695,9999872,12,40,39,1535,50219000,0
154,1417723695,10999859,4,40,39,1535,50273000,0
154,1417723695,10999859,23,40,39,1065,50377000,0
154,1417723695,12999833,41,40,39,1265,50430000,0
155,1417723695,14999807,32,40,41,1437,50415000,0
155,1417723695,14999807,8,40,39,1535,49857000,0
155,1417723695,14999807,49,40,33,1193,50145000,0
155,1417723695,16999782,50,40,40,1257,50437000,1
155,1417723695,16999782,42,40,39,1237,49875000,0
156,1417723695,16999782,22,40,39,1252,50407000,1
156,1417723695,22999704,38,40,40,1257,50307000,0
156,1417723695,22999704,47,40,40,1093,50383000,0
156,1417723695,22999704,28,40,41,1522,50433000,1
156,1417723695,26999653,39,40,39,1072,50463000,0
157,1417723695,26999653,44,40,41,1437,50062000,0
157,1417723695,30999601,48,40,41,1437,50430000,1
157,1417723695,31999589,40,40,42,1499,50289000,0
157,1417723695,31999589,35,40,39,1079,50393000,0
157,1417723695,45999408,3,40,40,1073,50049000,0
158,1417723695,48999370,6,40,39,1249,49800000,0
158,1417723695,48999370,9,40,41,1256,49848000,0
158,1417723695,48999370,5,40,35,1172,50280000,0
158,1417723695,48999370,11,40,39,1065,49982000,0
158,1417723695,48999370,20,40,40,1553,50252000,0
159,1417723695,48999370,1,40,36,1172,50634000,1
159,1417723695,48999370,13,40,41,1256,49847000,0
159,1417723695,48999370,10,40,39,1249,50723000,2
159,1417723695,48999370,2,40,39,1237,51036000,7
159,1417723695,48999370,15,40,38,1049,49947000,0
160,1417723695,49999357,18,40,39,1241,50599000,3
160,1417723695,49999357,25,40,41,1256,50136000,0
160,1417723695,49999357,14,40,39,1249,50156000,0
160,1417723695,51999331,19,40,39,1065,50430000,3
160,1417723695,52999318,21,40,41,1256,50025000,0
161,1417723695,52999318,27,40,40,1093,50134000,0
161,1417723695,52999318,45,40,39,1265,50073000,0
161,1417723695,52999318,43,40,39,1079,50288000,0
161,1417723695,52999318,7,40,38,1049,50030000,0
161,1417723695,52999318,24,40,39,1535,50101000,0
162,1417723695,52999318,16,40,39,1535,50265000,0
162,1417723695,52999318,17,40,41,1256,50234000,0
162,1417723695,52999318,37,40,39,1265,50155000,0
162,1417723695,56999267,30,40,39,1237,50130000,0
162,1417723695,56999267,36,40,41,1437,50231000,0
163,1417723695,58999241,31,40,40,1096,50321000,0
163,1417723695,58999241,34,40,41,1280,50395000,0
163,1417723695,58999241,33,40,39,1265,50298000,0
163,1417723695,58999241,26,40,41,1280,50094000,0
163,1417723695,58999241,29,40,39,1265,49840000,0
164,1417723695,58999241,46,40,39,1237,50433000,0
164,1417723695,60999215,4,40,39,1535,48750000,0
164,1417723695,60999215,12,40,39,1535,50208000,0
164,1417723695,60999215,23,40,38,1049,50310000,0
164,1417723695,62999189,41,40,39,1265,50264000,0
165,1417723695,65999151,32,40,42,1464,50424000,0
165,1417723695,65999151,8,40,39,1535,50490000,1
165,1417723695,65999151,49,40,34,1193,50021000,0
165,1417723695,65999151,42,40,39,1237,50123000,0
165,1417723695,65999151,50,40,41,1280,50284000,0
166,1417723695,65999151,22,40,39,1252,50350000,0
166,1417723695,73999048,47,40,40,1093,50225000,0
166,1417723695,73999048,38,40,41,1280,50184000,0
166,1417723695,73999048,28,40,41,1522,48630000,0
166,1417723695,77998996,39,40,39,1072,47600000,0
167,1417723695,77998996,44,40,42,1464,50045000,0
167,1417723695,81998945,48,40,42,1464,50044000,0
167,1417723695,81998945,40,40,41,1499,50146000,0
167,1417723695,81998945,35,40,39,1079,50285000,0
167,1417723695,96998752,6,40,39,1249,49537000,0
168,1417723695,98998726,5,40,36,1172,50323000,0
168,1417723695,98998726,3,40,40,1073,49973000,0
168,1417723695,98998726,9,40,41,1256,49960000,0
168,1417723695,98998726,11,40,39,1065,50053000,0
168,1417723695,98998726,20,40,40,1553,50261000,0
169,1417723695,98998726,1,40,37,1172,50474000,6
169,1417723695,98998726,13,40,33,1172,50197000,0
169,1417723695,99998713,10,40,39,1249,50402000,5
169,1417723695,99998713,2,40,39,1245,49724000,0
169,1417723695,99998713,15,40,39,1049,49918000,0
170,1417723695,99998713,18,40,39,1237,50025000,0
170,1417723695,99998713,25,40,41,1256,50468000,12
170,1417723695,99998713,14,40,39,1249,50072000,0
170,1417723695,102998674,19,40,39,1065,50214000,0
170,1417723695,102998674,27,40,40,1093,49997000,0
171,1417723695,102998674,45,40,39,1265,49905000,0
171,1417723695,102998674,43,40,40,1093,50306000,0
171,1417723695,102998674,21,40,41,1256,49770000,0
171,1417723695,102998674,7,40,39,1049,50002000,0
171,1417723695,102998674,24,40,39,1535,50052000,0
172,1417723695,102998674,17,40,41,1256,50385000,1
172,1417723695,102998674,16,40,39,1535,50481000,3
172,1417723695,102998674,37,40,39,1265,50267000,0
172,1417723695,106998623,30,40,39,1244,50139000,0
172,1417723695,106998623,31,40,40,1096,50427000,0
173,1417723695,108998597,36,40,42,1464,50295000,0
173,1417723695,108998597,33,40,32,1193,49585000,0
173,1417723695,108998597,34,40,41,1285,50210000,0
173,1417723695,109998584,26,40,41,1280,50379000,1
173,1417723695,109998584,29,40,32,1193,50490000,2
174,1417723695,109998584,46,40,39,1244,49377000,0
174,1417723695,110998571,4,40,39,1535,50424000,2
174,1417723695,110998571,12,40,39,1535,50227000,0
174,1417723695,110998571,23,40,39,1049,50375000,0
174,1417723695,113998533,41,40,39,1265,50303000,0
175,1417723695,115998507,32,40,41,1464,50359000,0
175,1417723695,115998507,49,40,35,1193,50008000,0
175,1417723695,115998507,8,40,39,1535,50439000,0
175,1417723695,115998507,50,40,41,1280,50307000,0
175,1417723695,115998507,42,40,39,1244,50063000,0
176,1417723695,115998507,22,40,39,1249,50334000,0
176,1417723695,123998404,47,40,40,1096,50293000,0
176,1417723695,123998404,38,40,41,1280,50223000,0
176,1417723695,123998404,28,40,40,1520,49033001,0
176,1417723695,127998353,39,40,39,1079,47930000,0
177,1417723695,127998353,44,40,41,1464,50187000,0
177,1417723695,131998301,48,40,41,1464,50134000,0
177,1417723695,131998301,40,40,41,1499,50272000,0
177,1417723695,131998301,35,40,40,1093,50371000,0
177,1417723695,146998108,9,40,41,1256,49127000,0
178,1417723695,148998082,3,40,40,1074,49261000,0
178,1417723695,148998082,5,40,37,1172,49944000,0
178,1417723695,148998082,6,40,39,1249,49687000,0
178,1417723695,149998069,11,40,38,1049,49890000,0
178,1417723695,149998069,20,40,39,1550,49315000,0
179,1417723695,149998069,1,40,38,1172,50296000,0
179,1417723695,149998069,13,40,34,1172,50452000,7
179,1417723695,149998069,2,40,39,1245,49767000,0
179,1417723695,149998069,10,40,39,1249,49749001,0
179,1417723695,149998069,18,40,39,1237,50865001,6
180,1417723695,149998069,15,40,39,1049,50738000,7
180,1417723695,149998069,25,40,41,1256,49736000,0
180,1417723695,149998069,19,40,38,1049,50286000,0
180,1417723695,152998031,14,40,39,1241,50298000,0
180,1417723695,152998031,27,40,40,1093,49868000,0
181,1417723695,152998031,45,40,32,1193,49937000,0
181,1417723695,152998031,43,40,40,1093,50259000,0
181,1417723695,152998031,21,40,41,1256,50390000,0
181,1417723695,152998031,24,40,40,1549,50166000,0
181,1417723695,153998018,7,40,39,1049,50345000,0
182,1417723695,153998018,17,40,41,1256,50345001,2
182,1417723695,153998018,16,40,40,1549,50165000,0
182,1417723695,153998018,37,40,32,1193,49726000,0
182,1417723695,156997979,30,40,39,1244,49599001,0
182,1417723695,157997966,31,40,40,1096,50181000,0
183,1417723695,158997953,36,40,41,1464,49711000,0
183,1417723695,158997953,33,40,33,1193,50344000,2
183,1417723695,159997941,34,40,41,1285,50276000,0
183,1417723695,159997941,26,40,41,1285,50317000,0
183,1417723695,159997941,29,40,33,1193,50132000,0
184,1417723695,159997941,46,40,39,1244,50384001,1
184,1417723695,160997928,12,40,40,1549,50192000,0
184,1417723695,160997928,4,40,40,1549,48690000,0
184,1417723695,160997928,23,40,39,1049,47703000,0
184,1417723695,163997889,32,40,41,1464,50202001,0
185,1417723695,165997863,41,40,32,1193,50117001,0
185,1417723695,165997863,8,40,40,1549,50330001,0
185,1417723695,165997863,50,40,41,1280,50170001,0
185,1417723695,165997863,42,40,39,1244,50005000,0
185,1417723695,166997850,49,40,36,1193,50116000,0
186,1417723695,166997850,22,40,39,1249,50343001,0
186,1417723695,173997760,38,40,41,1280,50251000,0
186,1417723695,173997760,47,40,40,1096,50149001,0
186,1417723695,173997760,28,40,40,1520,48997000,0
186,1417723695,177997709,39,40,39,1079,50417001,1
187,1417723695,177997709,44,40,41,1464,50176000,0
187,1417723695,181997657,48,40,41,1464,50396001,2
187,1417723695,181997657,40,40,41,1513,50268000,0
187,1417723695,181997657,35,40,40,1093,50412000,0
187,1417723695,196997464,6,40,39,1249,49016001,0
188,1417723695,199997426,3,40,40,1074,50082001,0
188,1417723695,199997426,5,40,38,1172,50293001,0
188,1417723695,199997426,9,40,41,1256,49298000,0
188,1417723695,199997426,11,40,39,1049,49452000,0
188,1417723695,199997426,20,40,39,1550,50161001,0
189,1417723695,199997426,1,40,39,1172,50288001,0
189,1417723695,200997413,2,40,39,1245,50365000,1
189,1417723695,200997413,13,40,35,1172,50170001,0
189,1417723695,200997413,10,40,39,1241,50022001,0
189,1417723695,200997413,18,40,39,1237,50407001,6
190,1417723695,200997413,15,40,39,1056,50322001,3
190,1417723695,200997413,25,40,41,1256,49877000,0
190,1417723695,200997413,14,40,39,1241,49724000,0
190,1417723695,203997374,19,40,39,1049,49770001,0
190,1417723695,203997374,45,40,33,1193,50088001,0
191,1417723695,203997374,27,40,40,1096,50012001,0
191,1417723695,203997374,43,40,40,1093,50366001,0
191,1417723695,203997374,21,40,41,1256,50259001,0
191,1417723695,203997374,24,40,40,1549,50115001,0
191,1417723695,203997374,16,40,40,1549,50102001,0
192,1417723695,204997361,17,40,41,1256,50165001,0
192,1417723695,204997361,7,40,39,1056,49968001,0
192,1417723695,204997361,37,40,33,1193,50285001,0
192,1417723695,207997323,30,40,39,1244,50316001,0
192,1417723695,207997323,36,40,41,1464,50137001,0
193,1417723695,209997297,31,40,40,1096,50193001,0
193,1417723695,209997297,33,40,34,1193,50160001,0
193,1417723695,209997297,34,40,41,1285,49423001,0
193,1417723695,209997297,29,40,34,1193,50282001,0
193,1417723695,209997297,26,40,41,1285,50350001,0
194,1417723695,209997297,46,40,39,1244,50234001,0
194,1417723695,211997271,4,40,40,1549,50406001,2
194,1417723695,211997271,12,40,40,1549,50229000,0
194,1417723695,211997271,23,40,39,1056,50415001,1
194,1417723695,213997245,32,40,43,1499,50261001,0
195,1417723695,216997207,41,40,33,1193,50274001,0
195,1417723695,216997207,8,40,40,1549,50335001,0
195,1417723695,216997207,49,40,37,1193,50590001,1
195,1417723695,216997207,50,40,41,1285,50488001,0
195,1417723695,216997207,42,40,39,1244,50258001,0
196,1417723695,217997194,22,40,39,1249,49229001,0
196,1417723695,224997104,38,40,41,1285,50234001,0
196,1417723695,224997104,47,40,40,1096,50223001,0
196,1417723695,224997104,28,40,40,1520,50500001,1
196,1417723695,228997052,39,40,39,1079,50303001,0
197,1417723695,228997052,40,40,41,1513,50185001,0
197,1417723695,232997001,44,40,43,1499,50245001,0
197,1417723695,232997001,48,40,43,1499,35100001,0
197,1417723695,232997001,35,40,40,1093,48108001,0
197,1417723695,247996808,6,40,39,1241,49350001,0
198,1417723695,249996782,5,40,39,1172,49888001,0
198,1417723695,249996782,3,40,40,1074,49934001,0
198,1417723695,249996782,9,40,41,1256,49789001,0
198,1417723695,249996782,13,40,36,1172,50388001,2
198,1417723695,249996782,2,40,39,1245,50464001,6
199,1417723695,250996769,1,40,39,1172,50323001,0
199,1417723695,250996769,10,40,39,1241,49678001,0
199,1417723695,250996769,11,40,39,1049,49678001,0
199,1417723695,250996769,20,40,39,1550,50593001,2
199,1417723695,250996769,18,40,39,1245,49906001,0
200,1417723695,250996769,15,40,39,1056,49821001,0
200,1417723695,250996769,25,40,41,1256,50115001,0
200,1417723695,250996769,19,40,39,1049,50220001,0
200,1417723695,253996730,14,40,39,1241,50216001,0
200,1417723695,253996730,45,40,34,1193,50143001,0
201,1417723695,253996730,43,40,40,1096,50317001,0
201,1417723695,253996730,27,40,40,1096,49727001,0
201,1417723695,253996730,21,40,41,1256,50849001,2
201,1417723695,253996730,24,40,40,1549,51473001,3
201,1417723695,253996730,16,40,40,1549,50129001,0
202,1417723695,253996730,17,40,33,1172,50202001,0
202,1417723695,253996730,7,40,39,1056,50161001,0
202,1417723695,254996717,37,40,34,1193,50095001,0
202,1417723695,257996679,30,40,39,1244,50012001,0
202,1417723695,257996679,36,40,43,1499,49908001,0
203,1417723695,259996653,31,40,39,1079,49593001,0
203,1417723695,259996653,34,40,41,1285,50283001,1
203,1417723695,259996653,33,40,35,1193,50066001,0
203,1417723695,259996653,26,40,41,1285,50079001,0
203,1417723695,260996640,29,40,35,1193,50264001,0
204,1417723695,260996640,46,40,39,1244,50222001,0
204,1417723695,261996627,12,40,40,1549,50207001,0
204,1417723695,261996627,4,40,40,1549,48654001,0
204,1417723695,261996627,23,40,39,1056,47586001,0
204,1417723695,264996589,41,40,34,1193,49892001,0
205,1417723695,266996563,32,40,42,1499,50088001,0
205,1417723695,266996563,8,40,40,1549,50300001,0
205,1417723695,266996563,49,40,38,1193,49672001,0
205,1417723695,266996563,50,40,41,1285,50267001,0
205,1417723695,266996563,42,40,39,1244,49774001,0
206,1417723695,268996537,22,40,39,1249,49327001,0
206,1417723695,274996460,38,40,41,1285,50247001,0
206,1417723695,274996460,47,40,40,1096,50105001,0
206,1417723695,274996460,28,40,40,1520,49080001,0
206,1417723695,278996409,39,40,40,1093,50354001,0
207,1417723695,278996409,44,40,42,1499,50130001,0
207,1417723695,282996357,40,40,41,1513,50071001,0
207,1417723695,282996357,48,40,42,1499,50410001,3
207,1417723695,282996357,35,40,40,1096,50446001,1
207,1417723695,297996164,5,40,39,1172,49609001,0
208,1417723695,299996138,9,40,41,1256,49015001,0
208,1417723695,299996138,6,40,39,1241,49485001,0
208,1417723695,299996138,3,40,40,1074,49723001,0
208,1417723695,300996125,13,40,37,1172,50453001,3
208,1417723695,300996125,2,40,39,1249,49440001,0
209,1417723695,300996125,11,40,39,1056,49494001,0
209,1417723695,300996125,1,40,39,1172,50218001,0
209,1417723695,300996125,20,40,38,1536,49856001,0
209,1417723695,300996125,25,40,33,1172,49811001,0
209,1417723695,300996125,18,40,39,1245,49762001,0
210,1417723695,300996125,10,40,39,1241,50114001,0
210,1417723695,300996125,15,40,39,1056,50076001,0
210,1417723695,301996112,19,40,39,1056,48276001,0
210,1417723695,303996087,14,40,39,1237,49557001,0
210,1417723695,303996087,45,40,35,1193,50073001,0
211,1417723695,303996087,27,40,40,1096,49968001,0
211,1417723695,303996087,43,40,40,1096,48461001,0
211,1417723695,303996087,21,40,33,1172,50122001,0
211,1417723695,303996087,17,40,34,1172,49937001,0
211,1417723695,303996087,16,40,40,1549,50259001,0
212,1417723695,304996074,7,40,39,1056,50271001,0
212,1417723695,304996074,24,40,40,1549,50445001,0
212,1417723695,304996074,37,40,35,1193,50349001,0
212,1417723695,307996035,30,40,40,1257,50150001,0
212,1417723695,308996022,36,40,42,1499,50051001,0
213,1417723695,309996009,31,40,39,1079,50289001,0
213,1417723695,309996009,34,40,39,1270,50651001,3
213,1417723695,309996009,33,40,36,1193,51020001,1
213,1417723695,310995997,26,40,41,1285,51448001,4
213,1417723695,310995997,29,40,36,1193,51389001,4
214,1417723695,310995997,46,40,40,1257,50313001,0
214,1417723695,311995984,4,40,40,1549,50411001,2
214,1417723695,311995984,12,40,40,1549,50274001,0
214,1417723695,311995984,23,40,39,1056,47697001,0
214,1417723695,314995945,32,40,41,1499,50300001,0
215,1417723695,316995919,41,40,35,1193,50315001,0
215,1417723695,316995919,8,40,40,1549,50388001,0
215,1417723695,316995919,50,40,41,1285,50368001,0
215,1417723695,318995894,42,40,40,1257,50237001,0
215,1417723695,318995894,49,40,39,1193,50617001,3
216,1417723695,318995894,22,40,39,1241,50431001,1
216,1417723695,324995816,47,40,39,1079,50263001,0
216,1417723695,324995816,38,40,41,1285,50195001,0
216,1417723695,325995803,28,40,39,1511,49212001,0
216,1417723695,329995752,39,40,40,1093,50314001,0
217,1417723695,329995752,48,40,41,1499,50184001,0
217,1417723695,332995713,40,40,41,1522,50176001,0
217,1417723695,332995713,44,40,41,1499,50102001,0
217,1417723695,332995713,35,40,40,1096,47478001,0
217,1417723695,348995507,6,40,39,1241,49753001,0
218,1417723695,350995482,9,40,33,1172,49424001,0
218,1417723695,350995482,5,40,39,1172,49885001,0
218,1417723695,350995482,13,40,38,1172,49876001,0
218,1417723695,350995482,2,40,39,1249,49847001,0
218,1417723695,350995482,20,40,39,1536,49839001,0
219,1417723695,350995482,11,40,39,1056,49632001,0
219,1417723695,350995482,1,40,39,1172,49953001,0
219,1417723695,351995469,3,40,40,1074,49578001,0
219,1417723695,351995469,18,40,39,1245,50366001,0
219,1417723695,351995469,25,40,34,1172,49560001,0
220,1417723695,351995469,10,40,39,1237,50221001,0
220,1417723695,351995469,15,40,40,1073,50648001,6
220,1417723695,351995469,19,40,39,1056,50220001,0
220,1417723695,354995430,14,40,39,1237,50010001,0
220,1417723695,354995430,27,40,40,1096,50053001,0
221,1417723695,354995430,45,40,36,1193,50100001,0
221,1417723695,354995430,43,40,40,1096,50288001,0
221,1417723695,354995430,21,40,34,1172,50147001,0
221,1417723695,354995430,16,40,40,1553,50288001,0
221,1417723695,354995430,17,40,35,1172,50243001,0
222,1417723695,355995417,7,40,40,1073,50062001,0
222,1417723695,355995417,24,40,40,1553,50398001,1
222,1417723695,355995417,30,40,40,1257,50174001,0
222,1417723695,358995379,37,40,36,1193,50300001,0
222,1417723695,358995379,36,40,41,1499,49675001,0
223,1417723695,360995353,31,40,39,1079,49806001,0
223,1417723695,360995353,34,40,39,1270,49109001,0
223,1417723695,360995353,33,40,37,1193,50328001,0
223,1417723695,361995340,26,40,39,1270,50170001,0
223,1417723695,361995340,29,40,37,1193,49831001,0
224,1417723695,361995340,46,40,40,1257,50281001,0
224,1417723695,362995327,12,40,40,1553,50206001,0
224,1417723695,362995327,4,40,40,1553,50193001,0
224,1417723695,363995314,23,40,40,1073,50417001,1
224,1417723695,364995301,32,40,41,1499,50065001,0
225,1417723695,367995263,41,40,36,1193,50366001,0
225,1417723695,367995263,8,40,40,1553,50285001,0
225,1417723695,367995263,50,40,41,1285,49859001,0
225,1417723695,368995250,42,40,40,1257,49963001,0
225,1417723695,369995237,49,40,39,1193,50269001,0
226,1417723695,369995237,22,40,39,1241,49234001,0
226,1417723695,374995173,38,40,41,1285,50277001,0
226,1417723695,375995160,47,40,39,1079,50065001,0
226,1417723695,375995160,28,40,39,1511,49294001,0
226,1417723695,379995108,39,40,40,1093,50381001,0
227,1417723695,379995108,44,40,41,1499,50267001,0
227,1417723695,382995070,40,40,41,1522,50191001,0
227,1417723695,382995070,48,40,41,1499,50132001,0
227,1417723695,383995057,35,40,40,1096,50418001,1
227,1417723695,398994864,6,40,39,1237,49346001,0
228,1417723695,400994838,9,40,34,1172,49424001,0
228,1417723695,400994838,5,40,39,1172,49743001,0
228,1417723695,400994838,13,40,39,1172,49480001,0
228,1417723695,400994838,3,40,40,1074,49565001,0
228,1417723695,400994838,25,40,35,1172,49304001,0
229,1417723695,400994838,11,40,39,1056,49798001,0
229,1417723695,400994838,18,40,39,1245,49367001,0
229,1417723695,400994838,20,40,39,1536,49917001,0
229,1417723695,401994825,2,40,39,1249,49608001,0
229,1417723695,401994825,1,40,39,1172,50279001,0
230,1417723695,401994825,15,40,40,1073,50055001,0
230,1417723695,401994825,10,40,39,1237,49875001,0
230,1417723695,401994825,19,40,39,1056,50333001,0
230,1417723695,404994786,14,40,39,1237,50160001,0
230,1417723695,404994786,27,40,39,1079,49878001,0
231,1417723695,404994786,45,40,37,1193,50147001,0
231,1417723695,404994786,43,40,40,1096,50178001,0
231,1417723695,404994786,21,40,35,1172,49210001,0
231,1417723695,404994786,16,40,40,1553,50127001,0
231,1417723695,404994786,17,40,36,1172,50225001,0
232,1417723695,404994786,7,40,40,1073,50116001,0
232,1417723695,404994786,24,40,40,1553,50444001,3
232,1417723695,404994786,37,40,37,1193,50311001,0
232,1417723695,408994735,30,40,40,1257,50323001,0
232,1417723695,408994735,31,40,39,1071,50263001,0
233,1417723695,408994735,36,40,41,1499,50232001,0
233,1417723695,408994735,34,40,39,1270,50544001,0
233,1417723695,410994709,33,40,38,1193,50383001,0
233,1417723695,410994709,29,40,38,1193,50513001,1
233,1417723695,410994709,26,40,39,1270,50171001,0
234,1417723695,410994709,46,40,40,1257,50297001,0
234,1417723695,411994696,12,40,40,1553,50203001,0
234,1417723695,412994683,4,40,40,1553,50223001,0
234,1417723695,413994670,23,40,40,1073,50310001,0
234,1417723695,413994670,32,40,41,1513,50304001,0
235,1417723695,418994606,41,40,37,1193,50362001,0
235,1417723695,418994606,8,40,40,1553,50331001,0
235,1417723695,418994606,42,40,40,1257,50226001,0
235,1417723695,419994593,50,40,39,1270,50364001,0
235,1417723695,419994593,49,40,39,1193,50439001,0
236,1417723695,419994593,22,40,39,1241,49252001,0
236,1417723695,425994516,38,40,39,1270,50372001,0
236,1417723695,425994516,47,40,39,1079,50343001,0
236,1417723695,425994516,28,40,39,1511,49213001,0
236,1417723695,430994452,39,40,40,1096,50335001,0
237,1417723695,430994452,48,40,41,1513,50251001,0
237,1417723695,434994400,40,40,41,1522,50269001,0
237,1417723695,434994400,44,40,41,1513,50099001,0
237,1417723695,434994400,35,40,40,1096,50359001,0
237,1417723695,449994207,6,40,39,1237,49486001,0
238,1417723695,451994181,5,40,39,1172,50024001,0
238,1417723695,451994181,9,40,35,1172,49582001,0
238,1417723695,451994181,13,40,39,1172,49835001,0
238,1417723695,451994181,11,40,40,1073,49520001,0
238,1417723695,452994168,2,40,37,1224,49467001,0
239,1417723695,452994168,20,40,39,1536,49737001,0
239,1417723695,452994168,1,40,39,1172,50302001,0
239,1417723695,452994168,25,40,36,1172,49585001,0
239,1417723695,452994168,3,40,39,1062,50049001,0
239,1417723695,452994168,18,40,39,1249,50261001,0
240,1417723695,452994168,15,40,40,1073,49854001,0
240,1417723695,452994168,10,40,39,1237,49950001,0
240,1417723695,452994168,19,40,40,1073,50246001,0
240,1417723695,455994130,14,40,39,1245,49954001,0
240,1417723695,455994130,45,40,38,1193,50137001,0
241,1417723695,455994130,27,40,39,1079,50068001,0
241,1417723695,455994130,43,40,39,1079,50020001,0
241,1417723695,455994130,21,40,36,1172,50433001,4
241,1417723695,456994117,16,40,40,1553,50259001,0
241,1417723695,456994117,17,40,37,1172,50112001,0
242,1417723695,456994117,7,40,40,1073,50239001,0
242,1417723695,456994117,24,40,40,1553,50278001,0
242,1417723695,456994117,37,40,38,1193,48000001,0
242,1417723695,460994065,30,40,41,1280,50190001,0
242,1417723695,460994065,31,40,39,1071,50063001,0
243,1417723695,460994065,36,40,41,1513,49071001,0
243,1417723695,460994065,34,40,38,1258,50336001,0
243,1417723695,462994040,33,40,39,1193,49760001,0
243,1417723695,462994040,29,40,39,1193,49588001,0
243,1417723695,462994040,26,40,39,1270,50624001,1
244,1417723695,462994040,46,40,41,1280,50077001,0
244,1417723695,462994040,4,40,40,1553,48601001,0
244,1417723695,464994014,12,40,40,1553,50214001,0
244,1417723695,464994014,23,40,40,1073,50320001,0
244,1417723695,464994014,32,40,41,1513,50101001,0
245,1417723695,468993962,41,40,38,1193,50169001,0
245,1417723695,468993962,8,40,40,1553,49641001,0
245,1417723695,468993962,42,40,41,1280,49706001,0
245,1417723695,470993937,49,40,39,1193,50124001,0
245,1417723695,470993937,50,40,39,1270,50311001,0
246,1417723695,470993937,22,40,39,1237,50413001,1
246,1417723695,476993859,47,40,39,1071,50295001,0
246,1417723695,476993859,38,40,39,1270,50393001,0
246,1417723695,476993859,28,40,41,1533,49210001,0
246,1417723695,480993808,39,40,40,1096,50265001,0
247,1417723695,480993808,44,40,41,1513,50285001,0
247,1417723695,484993756,40,40,40,1520,50186001,0
247,1417723695,484993756,48,40,41,1513,50101001,0
247,1417723695,484993756,35,40,39,1079,50268001,0
247,1417723695,499993563,9,40,36,1172,49169001,0
248,1417723695,501993537,5,40,39,1172,49663001,0
248,1417723695,501993537,6,40,39,1237,49493001,0
248,1417723695,501993537,13,40,39,1172,49539001,0
248,1417723695,502993525,20,40,39,1534,49303001,0
248,1417723695,502993525,25,40,37,1172,49330001,0
249,1417723695,502993525,11,40,40,1073,49320001,0
249,1417723695,502993525,1,40,39,1172,49745001,0
249,1417723695,502993525,2,40,38,1224,49640001,0
249,1417723695,502993525,3,40,39,1062,50011001,0
249,1417723695,502993525,18,40,39,1249,49708001,0
250,1417723695,502993525,15,40,40,1073,50141001,0
250,1417723695,503993512,10,40,39,1245,49629001,0
250,1417723695,503993512,19,40,40,1073,50240001,0
250,1417723695,505993486,14,40,39,1245,50143001,0
250,1417723695,505993486,27,40,39,1079,49978001,0
251,1417723695,505993486,45,40,39,1193,49904001,0
251,1417723695,505993486,43,40,39,1079,50137001,0
251,1417723695,505993486,21,40,37,1172,50225001,0
251,1417723695,506993473,7,40,40,1073,50283001,0
251,1417723695,506993473,17,40,38,1172,50227001,0
252,1417723695,506993473,16,40,39,1550,50271001,0
252,1417723695,506993473,24,40,39,1550,50173001,0
252,1417723695,507993460,37,40,39,1193,50373001,2
252,1417723695,509993434,30,40,41,1280,50135001,0
252,1417723695,510993422,31,40,39,1071,50207001,0
253,1417723695,510993422,36,40,41,1513,50174001,0
253,1417723695,510993422,34,40,39,1258,50126001,0
253,1417723695,512993396,29,40,39,1193,50649001,1
253,1417723695,512993396,33,40,39,1193,50245001,0
253,1417723695,512993396,26,40,38,1258,51315001,3
254,1417723695,512993396,46,40,41,1280,49350001,0
254,1417723695,512993396,12,40,39,1550,50206001,0
254,1417723695,514993370,4,40,39,1550,48599001,0
254,1417723695,514993370,23,40,40,1073,47395001,0
254,1417723695,514993370,32,40,41,1513,50378001,0
255,1417723695,518993319,41,40,39,1193,50370001,0
255,1417723695,519993306,8,40,39,1550,50480001,1
255,1417723695,519993306,42,40,41,1280,50197001,0
255,1417723695,519993306,49,40,39,1193,50415001,0
255,1417723695,519993306,50,40,39,1270,44205001,0
256,1417723695,520993293,22,40,39,1237,50372001,0
256,1417723695,526993216,47,40,39,1071,50260001,0
256,1417723695,526993216,38,40,39,1270,50291001,0
256,1417723695,527993203,28,40,41,1533,49256001,0
256,1417723695,531993151,39,40,40,1096,50329001,0
257,1417723695,531993151,44,40,41,1513,50147001,0
257,1417723695,534993113,48,40,41,1513,50148001,0
257,1417723695,534993113,40,40,40,1520,50238001,0
257,1417723695,534993113,35,40,39,1079,47789001,0
257,1417723695,550992907,5,40,39,1172,49718001,0
258,1417723695,552992881,6,40,39,1245,49339001,0
258,1417723695,552992881,9,40,37,1172,49230001,0
258,1417723695,552992881,20,40,39,1534,50452001,3
258,1417723695,552992881,2,40,39,1224,50015001,0
258,1417723695,552992881,1,40,39,1172,49861001,0
259,1417723695,552992881,11,40,40,1073,49423001,0
259,1417723695,552992881,3,40,39,1062,49801001,0
259,1417723695,552992881,18,40,39,1249,50686001,4
259,1417723695,552992881,25,40,38,1172,49598001,0
259,1417723695,552992881,13,40,39,1172,50264001,0
260,1417723695,552992881,15,40,40,1074,50271001,0
260,1417723695,552992881,10,40,39,1245,49902001,0
260,1417723695,553992868,14,40,39,1245,50417001,2
260,1417723695,555992842,19,40,40,1073,50251001,0
260,1417723695,556992829,27,40,39,1071,50301001,0
261,1417723695,556992829,45,40,39,1193,50232002,0
261,1417723695,556992829,43,40,39,1079,50423001,1
261,1417723695,556992829,21,40,38,1172,50627002,2
261,1417723695,556992829,7,40,40,1074,50003001,0
261,1417723695,556992829,17,40,39,1172,49992001,0
262,1417723695,556992829,16,40,39,1550,50221001,0
262,1417723695,556992829,24,40,39,1550,50724001,0
262,1417723695,557992817,30,40,41,1280,50064001,0
262,1417723695,560992778,37,40,39,1193,50101001,0
262,1417723695,560992778,31,40,39,1066,49616001,0
263,1417723695,560992778,34,40,39,1258,50248002,0
263,1417723695,562992752,33,40,39,1193,49929002,0
263,1417723695,562992752,26,40,39,1258,49721001,0
263,1417723695,562992752,36,40,41,1513,50016001,0
263,1417723695,562992752,29,40,39,1193,49458001,0
264,1417723695,563992739,46,40,41,1280,50438001,1
264,1417723695,563992739,12,40,39,1550,50337001,0
264,1417723695,564992726,4,40,39,1550,50515001,1
264,1417723695,564992726,23,40,40,1074,47222002,0
264,1417723695,564992726,32,40,41,1522,50101001,0
265,1417723695,569992662,41,40,39,1193,50136001,0
265,1417723695,569992662,8,40,39,1550,50306001,0
265,1417723695,569992662,42,40,41,1280,50221001,0
265,1417723695,569992662,50,40,38,1258,50459002,4
265,1417723695,569992662,49,40,39,1193,50590002,2
266,1417723695,571992636,22,40,39,1237,49167001,0
266,1417723695,577992559,47,40,39,1071,50124002,0
266,1417723695,577992559,38,40,38,1258,50221002,0
266,1417723695,577992559,28,40,41,1533,50564002,1
266,1417723695,581992508,39,40,40,1096,50265001,0
267,1417723695,581992508,44,40,41,1522,50197001,0
267,1417723695,584992469,48,40,41,1522,50153002,0
267,1417723695,584992469,40,40,40,1520,50146002,0
267,1417723695,584992469,35,40,39,1079,50446001,1
267,1417723695,600992263,6,40,39,1245,49794002,0
268,1417723695,602992237,5,40,39,1172,49704002,0
268,1417723695,602992237,9,40,38,1172,48880002,0
268,1417723695,602992237,20,40,39,1534,49821002,0
268,1417723695,602992237,1,40,39,1172,49989001,0
268,1417723695,602992237,25,40,39,1172,49526001,0
269,1417723695,602992237,18,40,37,1224,49667002,0
269,1417723695,602992237,11,40,40,1073,49621001,0
269,1417723695,603992224,2,40,37,1202,49712002,0
269,1417723695,603992224,15,40,40,1074,49435002,0
269,1417723695,603992224,3,40,39,1062,50160002,0
270,1417723695,603992224,10,40,39,1245,50266001,0
270,1417723695,603992224,13,40,39,1172,50301001,0
270,1417723695,603992224,19,40,40,1073,49895002,0
270,1417723695,606992186,14,40,39,1245,50141002,0
270,1417723695,606992186,45,40,39,1193,50301001,0
271,1417723695,606992186,27,40,39,1071,49912002,0
271,1417723695,606992186,21,40,39,1172,50097002,0
271,1417723695,606992186,43,40,39,1071,50040002,0
271,1417723695,606992186,17,40,39,1172,50023002,0
271,1417723695,606992186,16,40,39,1550,50278002,0
272,1417723695,606992186,7,40,40,1074,50003002,0
272,1417723695,607992173,24,40,39,1550,50119002,0
272,1417723695,607992173,37,40,39,1193,50338002,0
272,1417723695,610992134,30,40,41,1285,50167001,0
272,1417723695,610992134,31,40,39,1066,50282002,0
273,1417723695,612992108,34,40,39,1255,50834002,1
273,1417723695,612992108,33,40,39,1193,51104002,1
273,1417723695,612992108,26,40,39,1258,51813001,1
273,1417723695,612992108,36,40,41,1522,51998002,0
273,1417723695,612992108,46,40,41,1285,50260002,0
274,1417723695,614992083,29,40,39,1193,52302002,1
274,1417723695,614992083,12,40,39,1550,50327002,0
274,1417723695,614992083,4,40,39,1550,50440001,1
274,1417723695,614992083,23,40,40,1074,47285002,0
274,1417723695,616992057,41,40,39,1193,50265002,0
275,1417723695,619992018,32,40,41,1522,50227002,0
275,1417723695,619992018,8,40,39,1550,50301002,0
275,1417723695,619992018,42,40,41,1285,50195002,0
275,1417723695,619992018,50,40,39,1258,50123002,0
275,1417723695,620992005,49,40,44,1256,50662002,1
276,1417723695,620992005,22,40,39,1245,50489002,1
276,1417723695,627991915,38,40,39,1258,50303002,0
276,1417723695,627991915,47,40,39,1066,50384002,0
276,1417723695,627991915,28,40,41,1549,50346002,0
276,1417723695,631991864,39,40,39,1079,50304002,0
277,1417723695,631991864,44,40,41,1522,50178002,0
277,1417723695,635991812,48,40,41,1522,50197002,0
277,1417723695,635991812,40,40,40,1520,50235002,0
277,1417723695,635991812,35,40,39,1071,50389002,0
277,1417723695,650991619,1,40,39,1172,49656002,0
278,1417723695,652991593,20,40,39,1543,50031002,0
278,1417723695,652991593,25,40,39,1172,49655002,0
278,1417723695,652991593,11,40,40,1074,49490002,0
278,1417723695,653991581,2,40,38,1202,49776002,0
278,1417723695,653991581,18,40,38,1224,49934002,0
279,1417723695,653991581,5,40,39,1172,49694002,0
279,1417723695,653991581,15,40,40,1074,50201002,0
279,1417723695,653991581,9,40,39,1172,49727002,0
279,1417723695,653991581,3,40,38,1045,50336002,0
279,1417723695,653991581,13,40,39,1172,49875002,0
280,1417723695,653991581,10,40,39,1245,50123002,0
280,1417723695,653991581,6,40,39,1245,50110002,0
280,1417723695,653991581,14,40,39,1249,50432002,2
280,1417723695,656991542,19,40,40,1074,50231002,0
280,1417723695,656991542,45,40,39,1193,50251002,0
281,1417723695,656991542,27,40,39,1071,49820002,0
281,1417723695,656991542,21,40,39,1172,49388002,0
281,1417723695,656991542,43,40,39,1071,50257002,0
281,1417723695,656991542,16,40,38,1536,50270002,0
281,1417723695,656991542,17,40,39,1172,50106002,0
282,1417723695,657991529,7,40,40,1074,50226002,0
282,1417723695,657991529,24,40,38,1536,50312002,0
282,1417723695,658991516,30,40,41,1285,49925002,0
282,1417723695,660991490,37,40,39,1193,50228002,0
282,1417723695,660991490,31,40,39,1066,50148002,0
283,1417723695,662991465,34,40,39,1255,50301002,0
283,1417723695,662991465,33,40,39,1193,50242002,0
283,1417723695,662991465,26,40,39,1255,49666002,0
283,1417723695,662991465,36,40,41,1522,49956002,0
283,1417723695,663991452,29,40,39,1193,50090002,0
284,1417723695,664991439,46,40,41,1285,50503002,1
284,1417723695,664991439,4,40,38,1536,50298002,0
284,1417723695,664991439,12,40,38,1536,48635002,0
284,1417723695,664991439,23,40,40,1074,47233002,0
284,1417723695,667991400,32,40,41,1522,50335002,0
285,1417723695,669991375,41,40,39,1193,50294002,0
285,1417723695,670991362,8,40,38,1536,49711002,0
285,1417723695,670991362,50,40,39,1258,50172002,0
285,1417723695,670991362,49,40,43,1256,50133002,0
285,1417723695,670991362,42,40,41,1285,50406002,3
286,1417723695,670991362,22,40,39,1245,50352002,0
286,1417723695,677991272,47,40,39,1066,50326002,0
286,1417723695,677991272,38,40,39,1258,50126002,0
286,1417723695,677991272,28,40,41,1549,49463002,0
286,1417723695,682991207,39,40,39,1079,50372002,0
287,1417723695,682991207,44,40,41,1522,50113002,0
287,1417723695,685991169,48,40,41,1522,50152002,0
287,1417723695,685991169,40,40,39,1511,50287002,0
287,1417723695,685991169,35,40,39,1071,50372002,0
287,1417723695,700990975,20,40,39,1543,49371002,0
288,1417723695,702990950,1,40,39,1172,49601002,0
288,1417723695,703990937,2,40,39,1202,50089002,0
288,1417723695,703990937,18,40,39,1224,49929002,0
288,1417723695,703990937,11,40,40,1074,49411002,0
288,1417723695,703990937,3,40,39,1045,49989002,0
289,1417723695,703990937,5,40,39,1172,49923002,0
289,1417723695,703990937,9,40,39,1172,49336002,0
289,1417723695,703990937,15,40,40,1074,49566002,0
289,1417723695,703990937,13,40,39,1172,49626002,0
289,1417723695,703990937,10,40,39,1249,49997002,0
290,1417723695,703990937,6,40,39,1245,49902002,0
290,1417723695,703990937,25,40,39,1172,49925002,0
290,1417723695,703990937,14,40,39,1249,50304002,0
290,1417723695,706990898,19,40,40,1074,50329002,0
290,1417723695,706990898,27,40,39,1066,50369002,0
291,1417723695,706990898,45,40,39,1193,50035002,0
291,1417723695,706990898,43,40,39,1071,50216002,0
291,1417723695,707990885,21,40,39,1172,50439002,3
291,1417723695,707990885,16,40,39,1536,50234002,0
291,1417723695,707990885,17,40,39,1172,50130002,0
292,1417723695,707990885,7,40,40,1074,50361002,1
292,1417723695,707990885,24,40,39,1536,50335002,0
292,1417723695,708990872,30,40,41,1285,50237002,0
292,1417723695,711990834,37,40,39,1193,50271002,0
292,1417723695,711990834,31,40,39,1066,50397002,0
293,1417723695,712990821,34,40,39,1255,50235002,0
293,1417723695,713990808,33,40,39,1193,50533002,1
293,1417723695,713990808,26,40,39,1255,50130002,0
293,1417723695,713990808,36,40,41,1522,50132002,0
293,1417723695,713990808,29,40,39,1193,50463002,3
294,1417723695,713990808,46,40,41,1285,50745002,0
294,1417723695,715990782,4,40,39,1536,50834002,1
294,1417723695,715990782,12,40,39,1536,50834002,3
294,1417723695,715990782,23,40,40,1074,50414002,1
294,1417723695,717990757,32,40,40,1520,50403002,0
295,1417723695,720990718,41,40,39,1193,50275002,0
295,1417723695,720990718,8,40,39,1536,50405002,1
295,1417723695,720990718,50,40,39,1255,50283002,0
295,1417723695,720990718,49,40,42,1256,50486002,1
295,1417723695,720990718,42,40,41,1285,50270002,0
296,1417723695,720990718,22,40,39,1245,50306002,0
296,1417723695,727990628,47,40,39,1066,50326002,0
296,1417723695,728990615,38,40,39,1255,50243002,0
296,1417723695,728990615,28,40,41,1549,50421002,1
296,1417723695,732990563,39,40,39,1079,50296002,0
297,1417723695,732990563,44,40,40,1520,50178002,0
297,1417723695,735990525,48,40,40,1520,50132002,0
297,1417723695,735990525,40,40,39,1511,50177002,0
297,1417723695,735990525,35,40,39,1071,50348002,0
297,1417723695,751990319,1,40,39,1172,49647002,0
298,1417723695,753990293,20,40,39,1543,49232002,0
298,1417723695,753990293,3,40,39,1045,50164002,0
298,1417723695,753990293,5,40,39,1172,49603002,0
298,1417723695,753990293,11,40,40,1074,49337002,0
298,1417723695,753990293,9,40,39,1172,49297002,0
299,1417723695,753990293,2,40,39,1202,49873002,0
299,1417723695,753990293,15,40,40,1074,49796002,0
299,1417723695,753990293,13,40,39,1172,49672002,0
299,1417723695,753990293,18,40,37,1202,49613002,0
299,1417723695,754990280,10,40,39,1249,50098002,0
300,1417723695,754990280,6,40,39,1249,49828002,0
300,1417723695,754990280,25,40,39,1172,50417002,4
300,1417723695,754990280,14,40,39,1249,50295002,0
300,1417723695,757990242,19,40,40,1074,49811002,0
300,1417723695,757990242,27,40,39,1066,49887002,0
301,1417723695,757990242,43,40,39,1066,49852002,0
301,1417723695,757990242,45,40,39,1193,50276002,0
301,1417723695,757990242,21,40,39,1172,50419002,0
301,1417723695,757990242,16,40,39,1536,50368002,1
301,1417723695,757990242,17,40,39,1172,50154002,0
302,1417723695,757990242,7,40,40,1074,50203002,0
302,1417723695,757990242,24,40,39,1536,50323002,0
302,1417723695,758990229,30,40,41,1285,47411002,0
302,1417723695,761990190,37,40,39,1193,50295002,0
302,1417723695,761990190,31,40,39,1069,49600002,0
303,1417723695,763990164,34,40,39,1255,49961002,0
303,1417723695,763990164,33,40,44,1256,50222002,0
303,1417723695,763990164,26,40,39,1255,49856002,0
303,1417723695,763990164,36,40,40,1520,49602002,0
303,1417723695,763990164,29,40,44,1256,49937002,0
304,1417723695,763990164,46,40,41,1285,50187002,0
304,1417723695,765990139,12,40,39,1536,50232002,0
304,1417723695,765990139,4,40,39,1536,50145002,0
304,1417723695,765990139,23,40,40,1074,47217002,0
304,1417723695,767990113,41,40,39,1193,50195002,0
305,1417723695,771990061,32,40,40,1520,50318002,0
305,1417723695,771990061,8,40,39,1536,50282002,0
305,1417723695,771990061,49,40,41,1256,50090002,0
305,1417723695,771990061,50,40,39,1255,49974002,0
305,1417723695,771990061,42,40,41,1285,50279002,1
306,1417723695,771990061,22,40,39,1245,50330002,0
306,1417723695,778989971,38,40,39,1255,50289002,0
306,1417723695,778989971,47,40,39,1066,50326002,0
306,1417723695,778989971,28,40,41,1549,49378002,0
306,1417723695,782989920,39,40,39,1071,50247002,0
307,1417723695,782989920,44,40,40,1520,50234002,0
307,1417723695,785989881,40,40,39,1511,50270002,0
307,1417723695,785989881,48,40,40,1520,50195002,0
307,1417723695,786989868,35,40,39,1066,50373002,0
307,1417723695,801989675,3,40,39,1038,50053002,0
308,1417723695,803989649,1,40,39,1172,49687002,0
308,1417723695,803989649,5,40,39,1172,49473002,0
308,1417723695,803989649,11,40,40,1074,49013002,0
308,1417723695,803989649,9,40,39,1172,50664002,2
308,1417723695,803989649,18,40,38,1202,49820002,0
309,1417723695,804989637,2,40,38,1189,50107002,0
309,1417723695,804989637,20,40,39,1539,49576002,0
309,1417723695,804989637,15,40,40,1074,49448002,0
309,1417723695,804989637,13,40,39,1172,49365002,0
309,1417723695,804989637,10,40,39,1249,48973002,0
310,1417723695,804989637,25,40,39,1172,51042002,2
310,1417723695,804989637,6,40,39,1249,49307002,0
310,1417723695,804989637,14,40,37,1224,50321002,0
310,1417723695,807989598,19,40,40,1074,50186002,0
310,1417723695,807989598,27,40,39,1066,49887000,0
311,1417723695,807989598,43,40,39,1066,50043000,0
311,1417723695,807989598,45,40,44,1256,50028000,0
311,1417723695,807989598,21,40,39,1172,50294002,0
311,1417723695,807989598,17,40,39,1172,50197002,0
311,1417723695,808989585,7,40,40,1074,50281002,1
312,1417723695,808989585,16,40,39,1536,50165002,0
312,1417723695,808989585,24,40,39,1536,50326002,0
312,1417723695,808989585,30,40,39,1270,50197000,0
312,1417723695,811989546,37,40,44,1256,50215000,0
312,1417723695,811989546,31,40,39,1069,50380000,1
313,1417723695,813989521,34,40,39,1260,50526000,1
313,1417723695,813989521,33,40,43,1256,50761000,2
313,1417723695,813989521,36,40,40,1520,50231000,0
313,1417723695,813989521,26,40,39,1255,50293000,0
313,1417723695,813989521,29,40,43,1256,50581000,2
314,1417723695,814989508,46,40,39,1270,51211000,3
314,1417723695,815989495,4,40,39,1536,50120002,0
314,1417723695,815989495,12,40,39,1536,50233002,0
314,1417723695,815989495,23,40,40,1074,50459002,1
314,1417723695,817989469,41,40,44,1256,50425000,0
315,1417723695,821989418,32,40,40,1520,50503000,0
315,1417723695,821989418,8,40,39,1536,49948000,0
315,1417723695,821989418,42,40,39,1270,50679000,1
315,1417723695,821989418,50,40,39,1255,50598000,2
315,1417723695,821989418,49,40,41,1256,50422000,0
316,1417723695,821989418,22,40,39,1249,50422000,0
316,1417723695,828989328,38,40,39,1255,50314000,0
316,1417723695,828989328,47,40,39,1069,50264000,0
316,1417723695,828989328,28,40,41,1560,50414000,1
316,1417723695,832989276,39,40,39,1071,48110000,0
317,1417723695,833989263,40,40,41,1533,50246000,0
317,1417723695,836989225,44,40,40,1520,50198000,0
317,1417723695,836989225,48,40,40,1520,50198000,0
317,1417723695,836989225,35,40,39,1066,47317000,0
317,1417723695,851989031,3,40,39,1038,50032000,0
318,1417723695,853989006,5,40,39,1172,49598000,0
318,1417723695,853989006,11,40,40,1074,49473000,0
318,1417723695,854988993,9,40,39,1172,49847000,0
318,1417723695,854988993,20,40,39,1539,49947000,0
318,1417723695,854988993,2,40,39,1189,50081000,0
319,1417723695,854988993,15,40,39,1062,49467000,0
319,1417723695,854988993,1,40,39,1172,49824000,0
319,1417723695,854988993,13,40,39,1172,49519000,0
319,1417723695,854988993,25,40,39,1172,50997000,2
319,1417723695,854988993,10,40,37,1224,49644000,0
320,1417723695,854988993,18,40,39,1202,50164000,0
320,1417723695,854988993,6,40,39,1249,51148000,4
320,1417723695,854988993,27,40,39,1066,50240000,0
320,1417723695,857988954,45,40,43,1256,50372000,0
320,1417723695,857988954,43,40,39,1066,50078000,0
321,1417723695,858988941,19,40,40,1074,50014000,0
321,1417723695,858988941,21,40,39,1172,50883000,4
321,1417723695,858988941,17,40,39,1172,50832000,1
321,1417723695,858988941,7,40,39,1062,51295000,6
321,1417723695,858988941,16,40,39,1534,51372000,6
322,1417723695,858988941,14,40,38,1224,51629000,0
322,1417723695,858988941,24,40,39,1534,51662000,9
322,1417723695,858988941,37,40,43,1256,50273000,0
322,1417723695,861988903,30,40,39,1270,50210000,0
322,1417723695,861988903,31,40,39,1069,50257000,0
323,1417723695,863988877,34,40,39,1260,49913000,0
323,1417723695,864988864,33,40,42,1256,49938000,0
323,1417723695,864988864,29,40,42,1256,48591000,0
323,1417723695,864988864,26,40,39,1260,49881000,0
323,1417723695,864988864,36,40,40,1520,48466000,0
324,1417723695,864988864,46,40,39,1270,49485000,0
324,1417723695,866988838,12,40,39,1534,50335000,0
324,1417723695,866988838,4,40,39,1534,50148000,0
324,1417723695,866988838,23,40,39,1062,50300000,0
324,1417723695,868988813,41,40,43,1256,50227000,0
325,1417723695,871988774,32,40,40,1520,50331000,0
325,1417723695,871988774,8,40,39,1534,50423000,1
325,1417723695,871988774,50,40,39,1255,49872000,0
325,1417723695,871988774,42,40,39,1270,50012000,0
325,1417723695,872988761,49,40,41,1256,50232000,0
326,1417723695,872988761,22,40,39,1249,50427000,0
326,1417723695,879988671,38,40,39,1255,50393000,0
326,1417723695,879988671,47,40,39,1069,50231000,0
326,1417723695,879988671,28,40,41,1560,50296000,0
326,1417723695,883988619,39,40,39,1071,48134000,0
327,1417723695,883988619,44,40,40,1520,50180000,0
327,1417723695,886988581,40,40,41,1533,50303000,0
327,1417723695,886988581,48,40,40,1520,50121000,0
327,1417723695,886988581,35,40,39,1066,50437000,1
327,1417723695,902988375,11,40,40,1074,49838000,0
328,1417723695,904988349,5,40,39,1172,49256000,0
328,1417723695,904988349,20,40,39,1539,49759000,0
328,1417723695,904988349,9,40,39,1172,48973000,0
328,1417723695,904988349,13,40,39,1172,49392000,0
328,1417723695,904988349,1,40,39,1172,49752000,0
329,1417723695,904988349,2,40,39,1189,49944000,0
329,1417723695,904988349,10,40,38,1224,49792000,0
329,1417723695,905988336,3,40,39,1038,50248000,0
329,1417723695,905988336,18,40,39,1202,50387000,0
329,1417723695,905988336,6,40,37,1224,49684000,0
330,1417723695,905988336,15,40,39,1062,49552000,0
330,1417723695,905988336,25,40,39,1172,49890000,0
330,1417723695,905988336,27,40,39,1069,49745000,0
330,1417723695,908988298,45,40,42,1256,50130000,0
330,1417723695,908988298,43,40,39,1066,48902000,0
331,1417723695,908988298,19,40,40,1074,48666000,0
331,1417723695,908988298,21,40,39,1172,49053000,0
331,1417723695,908988298,7,40,39,1062,49448000,0
331,1417723695,908988298,17,40,39,1172,50558000,5
331,1417723695,908988298,16,40,39,1534,49801000,0
332,1417723695,908988298,14,40,39,1224,50224000,0
332,1417723695,908988298,24,40,39,1534,50090000,0
332,1417723695,909988285,30,40,39,1270,50241000,0
332,1417723695,912988246,37,40,42,1256,50315000,0
332,1417723695,912988246,34,40,39,1260,50298000,0
333,1417723695,914988220,31,40,40,1084,50481000,1
333,1417723695,914988220,33,40,41,1256,50327000,0
333,1417723695,914988220,36,40,40,1520,50161000,0
333,1417723695,914988220,26,40,39,1260,50272000,0
333,1417723695,914988220,29,40,41,1256,50321000,0
334,1417723695,914988220,46,40,39,1270,50430000,0
334,1417723695,916988195,4,40,39,1534,50208000,0
334,1417723695,916988195,12,40,39,1534,50327000,0
334,1417723695,916988195,23,40,39,1062,50356000,0
334,1417723695,918988169,32,40,39,1511,50438000,0
335,1417723695,921988130,41,40,42,1256,50401000,0
335,1417723695,922988117,8,40,39,1534,49534000,0
335,1417723695,922988117,42,40,39,1270,50020000,0
335,1417723695,922988117,50,40,39,1260,49968000,0
335,1417723695,922988117,49,40,41,1256,50133000,0
336,1417723695,922988117,22,40,39,1249,50462000,0
336,1417723695,929988027,47,40,39,1069,50234000,0
336,1417723695,929988027,38,40,39,1260,50202000,0
336,1417723695,929988027,28,40,41,1560,49254000,0
336,1417723695,933987976,39,40,39,1066,50407000,1
337,1417723695,933987976,44,40,39,1511,50021000,0
337,1417723695,936987937,48,40,39,1511,50189000,0
337,1417723695,936987937,40,40,41,1533,50191000,0
337,1417723695,936987937,35,40,39,1066,50340000,0
337,1417723695,952987731,5,40,39,1172,49949000,0
338,1417723695,954987705,11,40,39,1062,49180000,0
338,1417723695,954987705,20,40,39,1539,49932000,0
338,1417723695,954987705,9,40,39,1172,49236000,0
338,1417723695,954987705,1,40,39,1172,49951000,0
338,1417723695,955987692,2,40,38,1176,49650000,0
339,1417723695,955987692,13,40,39,1172,49580000,0
339,1417723695,955987692,10,40,39,1224,49894000,0
339,1417723695,955987692,18,40,38,1189,49698000,0
339,1417723695,955987692,3,40,40,1051,50136000,0
339,1417723695,955987692,6,40,38,1224,50207000,0
340,1417723695,955987692,15,40,39,1062,49957000,0
340,1417723695,955987692,25,40,39,1172,49887000,0
340,1417723695,955987692,27,40,39,1069,50253000,0
340,1417723695,958987654,45,40,41,1256,50304000,0
340,1417723695,958987654,43,40,39,1069,50028000,0
341,1417723695,958987654,19,40,39,1062,50424000,0
341,1417723695,958987654,21,40,39,1172,50789000,5
341,1417723695,958987654,7,40,39,1062,50704000,4
341,1417723695,958987654,17,40,39,1172,50244000,0
341,1417723695,958987654,16,40,39,1534,51074000,5
342,1417723695,959987641,14,40,37,1202,51803000,6
342,1417723695,959987641,24,40,39,1534,50325000,0
342,1417723695,959987641,30,40,38,1258,50428000,1
342,1417723695,962987602,37,40,41,1256,50281000,0
342,1417723695,962987602,31,40,40,1084,49847000,0
343,1417723695,964987577,34,40,40,1270,49977000,0
343,1417723695,964987577,33,40,41,1256,50140000,0
343,1417723695,964987577,26,40,39,1260,50089000,0
343,1417723695,964987577,36,40,39,1511,49989000,0
343,1417723695,964987577,29,40,41,1256,49858000,0
344,1417723695,965987564,46,40,38,1258,50361000,0
344,1417723695,966987551,4,40,39,1534,50223000,0
344,1417723695,966987551,12,40,39,1534,50129000,0
344,1417723695,966987551,23,40,39,1062,50288000,0
344,1417723695,968987525,32,40,39,1511,50337000,0
345,1417723695,972987474,41,40,41,1256,50332000,0
345,1417723695,972987474,8,40,39,1534,50328000,1
345,1417723695,972987474,42,40,38,1258,50393000,1
345,1417723695,972987474,50,40,39,1260,49848000,0
345,1417723695,972987474,49,40,41,1256,50427000,1
346,1417723695,973987461,22,40,37,1224,50351000,0
346,1417723695,979987383,38,40,39,1260,50256000,0
346,1417723695,979987383,47,40,40,1084,50191000,0
346,1417723695,979987383,28,40,40,1557,49360000,0
346,1417723695,983987332,39,40,39,1066,48108000,0
347,1417723695,983987332,40,40,41,1549,50306000,0
347,1417723695,986987293,48,40,39,1511,50180000,0
347,1417723695,986987293,44,40,39,1511,50150000,0
347,1417723695,987987280,35,40,39,1069,50353000,0
347,1417723696,2999962,5,40,39,1172,49277000,0
348,1417723696,4999936,20,40,40,1553,49943000,0
348,1417723696,4999936,11,40,39,1062,49222000,0
348,1417723696,5999923,1,40,39,1172,50072000,0
348,1417723696,5999923,13,40,39,1172,49405000,0
348,1417723696,5999923,2,40,39,1176,49797000,0
349,1417723696,5999923,18,40,39,1189,50089000,0
349,1417723696,5999923,10,40,37,1202,49027000,0
349,1417723696,5999923,3,40,40,1051,50091000,0
349,1417723696,5999923,15,40,39,1062,50204000,0
349,1417723696,5999923,9,40,39,1172,49730000,0
350,1417723696,5999923,6,40,39,1224,49831000,0
350,1417723696,6999910,25,40,39,1172,49521000,0
350,1417723696,6999910,43,40,39,1069,50354000,0
350,1417723696,8999885,27,40,39,1069,50316000,0
350,1417723696,8999885,45,40,41,1256,50245000,0
351,1417723696,8999885,19,40,39,1062,48846000,0
351,1417723696,8999885,21,40,39,1172,49179000,0
351,1417723696,9999872,7,40,39,1062,49128000,0
351,1417723696,9999872,17,40,39,1172,49463000,0
351,1417723696,9999872,16,40,39,1543,49427000,0
352,1417723696,9999872,24,40,39,1543,50483000,1
352,1417723696,9999872,14,40,38,1202,50118000,0
352,1417723696,9999872,37,40,41,1256,50278000,0
352,1417723696,12999833,30,40,39,1258,50212000,0
352,1417723696,12999833,33,40,41,1256,50110000,0
353,1417723696,14999807,31,40,40,1084,50406000,2
353,1417723696,14999807,34,40,40,1270,50293000,0
353,1417723696,14999807,29,40,41,1256,50134000,0
353,1417723696,15999795,36,40,39,1511,50244000,0
353,1417723696,15999795,26,40,40,1270,50171000,0
354,1417723696,15999795,4,40,39,1543,50177000,0
354,1417723696,17999769,46,40,39,1258,50288000,0
354,1417723696,17999769,12,40,39,1543,50170000,0
354,1417723696,17999769,23,40,39,1062,50338000,0
354,1417723696,19999743,41,40,41,1256,50430000,0
355,1417723696,22999704,32,40,39,1511,50336000,0
355,1417723696,22999704,8,40,39,1543,50463000,2
355,1417723696,22999704,42,40,39,1258,49879000,0
355,1417723696,23999692,50,40,39,1260,49901000,0
355,1417723696,23999692,49,40,41,1256,50261000,0
356,1417723696,23999692,22,40,38,1224,50422000,0
356,1417723696,30999601,38,40,39,1260,50275000,0
356,1417723696,30999601,47,40,40,1084,50252000,0
356,1417723696,30999601,28,40,40,1557,50415000,1
356,1417723696,34999550,39,40,39,1066,50416000,1
357,1417723696,34999550,44,40,39,1511,50297000,0
357,1417723696,37999511,48,40,39,1511,50196000,0
357,1417723696,37999511,40,40,41,1549,50073000,0
357,1417723696,37999511,35,40,39,1069,50444000,0
357,1417723696,53999305,11,40,39,1062,49474000,0
358,1417723696,55999280,1,40,39,1172,49986000,0
358,1417723696,55999280,5,40,39,1172,49531000,0
358,1417723696,55999280,13,40,39,1172,49301000,0
358,1417723696,55999280,2,40,39,1176,50234000,0
358,1417723696,55999280,18,40,39,1189,49965000,0
359,1417723696,55999280,10,40,38,1202,49623000,0
359,1417723696,55999280,3,40,40,1051,50116000,0
359,1417723696,55999280,6,40,37,1202,49938000,0
359,1417723696,55999280,9,40,39,1172,49756000,0
359,1417723696,56999267,20,40,40,1553,50151000,0
360,1417723696,56999267,15,40,38,1045,49603000,0
360,1417723696,56999267,25,40,39,1172,50153000,0
360,1417723696,56999267,45,40,41,1256,50168000,0
360,1417723696,58999241,27,40,40,1084,50309000,0
360,1417723696,59999228,43,40,39,1069,50150000,0
361,1417723696,59999228,21,40,39,1172,50243000,0
361,1417723696,59999228,19,40,39,1062,50601000,0
361,1417723696,59999228,7,40,38,1045,50820000,5
361,1417723696,59999228,17,40,39,1172,50687000,0
361,1417723696,59999228,16,40,39,1543,51437000,5
362,1417723696,59999228,24,40,39,1543,50400000,0
362,1417723696,59999228,14,40,39,1202,50497000,0
362,1417723696,60999215,30,40,39,1258,50235000,0
362,1417723696,63999177,37,40,41,1256,48299000,0
362,1417723696,63999177,31,40,40,1090,49985000,0
363,1417723696,65999151,34,40,40,1270,50076000,0
363,1417723696,65999151,33,40,41,1256,50131000,0
363,1417723696,65999151,29,40,41,1256,50163000,0
363,1417723696,65999151,26,40,40,1270,49990000,0
363,1417723696,65999151,36,40,39,1511,49973000,0
364,1417723696,66999138,4,40,39,1543,50100000,0
364,1417723696,67999125,12,40,39,1543,50105000,0
364,1417723696,67999125,46,40,39,1258,50303000,0
364,1417723696,67999125,23,40,38,1045,50439000,0
364,1417723696,69999099,41,40,41,1256,50226000,0
365,1417723696,73999048,32,40,41,1533,50236000,0
365,1417723696,73999048,8,40,39,1543,50221000,0
365,1417723696,73999048,50,40,40,1270,50158000,0
365,1417723696,73999048,49,40,41,1256,50153000,0
365,1417723696,73999048,42,40,39,1258,49888000,0
366,1417723696,73999048,22,40,39,1224,50495000,0
366,1417723696,80998958,38,40,40,1270,50228000,0
366,1417723696,80998958,47,40,40,1084,50201000,0
366,1417723696,80998958,28,40,40,1557,49383000,0
366,1417723696,84998906,39,40,39,1066,48145000,0
367,1417723696,84998906,48,40,41,1533,50038000,0
367,1417723696,87998868,40,40,41,1549,50083000,0
367,1417723696,87998868,44,40,41,1533,50159000,0
367,1417723696,87998868,35,40,39,1069,50369000,0
367,1417723696,103998662,5,40,39,1172,49416000,0
368,1417723696,105998636,11,40,39,1062,49360000,0
368,1417723696,105998636,1,40,39,1172,49824000,0
368,1417723696,105998636,10,40,39,1202,49523000,0
368,1417723696,105998636,2,40,39,1175,50032000,0
368,1417723696,105998636,18,40,38,1176,49319000,0
369,1417723696,106998623,9,40,39,1172,49095000,0
369,1417723696,106998623,6,40,38,1202,49823000,0
369,1417723696,106998623,15,40,39,1045,49547000,0
369,1417723696,106998623,25,40,39,1172,50176000,0
369,1417723696,106998623,20,40,40,1553,49731000,0
370,1417723696,106998623,13,40,39,1172,49149000,0
370,1417723696,106998623,3,40,40,1051,50324000,0
370,1417723696,106998623,45,40,41,1256,50243000,0
370,1417723696,109998584,27,40,40,1084,50047000,0
370,1417723696,109998584,43,40,40,1084,50207000,0
371,1417723696,109998584,7,40,39,1045,48939000,0
371,1417723696,109998584,21,40,39,1172,50228000,0
371,1417723696,109998584,19,40,39,1062,48669000,0
371,1417723696,109998584,17,40,39,1172,49252000,0
371,1417723696,109998584,16,40,39,1543,49660000,0
372,1417723696,109998584,24,40,39,1543,49971000,0
372,1417723696,110998571,14,40,39,1202,50321000,0
372,1417723696,110998571,30,40,39,1255,50270000,0
372,1417723696,113998533,37,40,41,1256,50416000,2
372,1417723696,113998533,34,40,41,1283,50198000,0
373,1417723696,115998507,33,40,41,1256,50244000,0
373,1417723696,115998507,31,40,40,1090,50347000,0
373,1417723696,115998507,26,40,40,1270,50076000,0
373,1417723696,115998507,29,40,41,1256,50076000,0
373,1417723696,115998507,36,40,41,1533,50660000,0
374,1417723696,117998481,12,40,39,1543,50726000,1
374,1417723696,117998481,46,40,39,1255,50398000,0
374,1417723696,117998481,4,40,39,1543,50265000,0
374,1417723696,117998481,23,40,39,1045,46745000,0
374,1417723696,120998443,41,40,41,1256,50575000,0
375,1417723696,123998404,32,40,41,1533,50411000,0
375,1417723696,123998404,8,40,39,1543,50530000,2
375,1417723696,123998404,49,40,41,1256,50874001,5
375,1417723696,123998404,50,40,40,1270,50648000,2
375,1417723696,123998404,42,40,39,1255,50285000,0
376,1417723696,124998391,22,40,37,1202,50501000,0
376,1417723696,130998314,47,40,40,1090,50308001,0
376,1417723696,131998301,38,40,40,1270,50667000,1
376,1417723696,131998301,28,40,39,1541,49433000,0
376,1417723696,134998262,39,40,39,1069,50410000,1
377,1417723696,134998262,44,40,41,1533,50281000,0
377,1417723696,137998224,48,40,41,1533,50204000,0
377,1417723696,137998224,40,40,41,1549,50043000,0
377,1417723696,137998224,35,40,40,1084,50539000,0
377,1417723696,153998018,1,40,39,1172,49633001,0
378,1417723696,155997992,5,40,39,1172,49975000,0
378,1417723696,155997992,10,40,39,1202,49418001,0
378,1417723696,155997992,2,40,39,1175,49750000,0
378,1417723696,156997979,18,40,39,1176,50031000,0
378,1417723696,156997979,6,40,39,1202,49991000,0
379,1417723696,156997979,15,40,39,1045,49890000,0
379,1417723696,156997979,9,40,39,1172,48994000,0
379,1417723696,156997979,25,40,39,1172,49583000,0
379,1417723696,156997979,13,40,39,1172,50291000,0
379,1417723696,156997979,20,40,41,1579,50828000,0
380,1417723696,156997979,3,40,40,1058,50844000,0
380,1417723696,156997979,11,40,38,1045,50651000,0
380,1417723696,157997966,27,40,40,1084,50420001,0
380,1417723696,159997941,45,40,41,1256,50383001,0
380,1417723696,159997941,43,40,40,1084,50564001,0
381,1417723696,160997928,7,40,39,1045,50230000,0
381,1417723696,160997928,21,40,39,1172,50798001,3
381,1417723696,160997928,17,40,39,1172,50958001,7
381,1417723696,160997928,19,40,38,1045,50193000,0
381,1417723696,160997928,16,40,39,1539,50257000,0
382,1417723696,160997928,24,40,39,1539,50153000,0
382,1417723696,160997928,14,40,38,1189,50198001,0
382,1417723696,160997928,37,40,41,1256,50194000,0
382,1417723696,163997889,30,40,39,1255,50314001,0
382,1417723696,163997889,34,40,41,1283,49902001,0
383,1417723696,165997863,33,40,41,1256,50030000,0
383,1417723696,165997863,31,40,40,1090,50126000,0
383,1417723696,166997850,26,40,41,1283,49787000,0
383,1417723696,166997850,29,40,41,1256,48892000,0
383,1417723696,166997850,36,40,41,1533,49534001,0
384,1417723696,167997838,12,40,39,1539,50161000,0
384,1417723696,167997838,4,40,39,1539,50317000,0
384,1417723696,167997838,46,40,39,1255,50356000,0
384,1417723696,167997838,23,40,39,1045,50421000,1
384,1417723696,170997799,8,40,39,1539,50056001,0
385,1417723696,173997760,49,40,41,1256,50195001,0
385,1417723696,174997747,32,40,41,1533,50013000,0
385,1417723696,174997747,41,40,41,1256,49948000,0
385,1417723696,174997747,42,40,39,1255,50953001,2
385,1417723696,174997747,50,40,40,1270,50313000,0
386,1417723696,174997747,22,40,38,1202,50347001,0
386,1417723696,181997657,38,40,40,1270,50304000,0
386,1417723696,181997657,47,40,40,1090,50474001,2
386,1417723696,181997657,28,40,39,1541,49536001,0
386,1417723696,185997606,39,40,39,1069,50374001,0
387,1417723696,185997606,40,40,41,1560,50103001,0
387,1417723696,187997580,44,40,41,1533,50124001,0
387,1417723696,188997567,48,40,41,1533,34289001,0
387,1417723696,188997567,35,40,40,1084,50386001,0
387,1417723696,203997374,18,40,39,1176,50061001,0
388,1417723696,204997361,10,40,38,1189,48989001,0
388,1417723696,204997361,2,40,39,1175,50424001,2
388,1417723696,204997361,1,40,39,1172,49873001,0
388,1417723696,205997348,15,40,39,1038,50086000,0
388,1417723696,205997348,5,40,39,1172,50216000,0
389,1417723696,206997335,25,40,39,1172,49834001,0
389,1417723696,206997335,6,40,39,1202,49797001,0
389,1417723696,206997335,9,40,39,1172,50161000,0
389,1417723696,206997335,13,40,39,1172,50503000,1
389,1417723696,206997335,20,40,41,1579,49846000,0
390,1417723696,207997323,11,40,39,1045,50774001,1
390,1417723696,207997323,3,40,40,1058,49773001,0
390,1417723696,207997323,27,40,40,1090,49976001,0
390,1417723696,210997284,43,40,40,1084,50538001,1
390,1417723696,210997284,45,40,41,1256,49175001,0
391,1417723696,210997284,7,40,39,1038,49919000,0
391,1417723696,210997284,21,40,39,1172,50071000,0
391,1417723696,210997284,19,40,39,1045,50704001,3
391,1417723696,210997284,17,40,39,1172,50049000,0
391,1417723696,210997284,16,40,39,1539,50189001,0
392,1417723696,210997284,14,40,39,1189,50232001,0
392,1417723696,210997284,24,40,39,1539,50237001,0
392,1417723696,210997284,37,40,41,1256,50446001,1
392,1417723696,214997232,30,40,39,1255,50213001,0
392,1417723696,214997232,33,40,41,1256,50173001,0
393,1417723696,216997207,31,40,40,1090,49921001,0
393,1417723696,216997207,34,40,41,1283,50155001,0
393,1417723696,216997207,26,40,41,1283,50343001,0
393,1417723696,216997207,29,40,41,1256,50097001,0
393,1417723696,216997207,36,40,41,1533,50865001,2
394,1417723696,217997194,4,40,39,1539,50346001,2
394,1417723696,218997181,12,40,39,1539,50205001,0
394,1417723696,218997181,46,40,39,1255,51360001,1
394,1417723696,218997181,23,40,39,1038,50348001,0
394,1417723696,220997155,8,40,39,1539,50338001,0
395,1417723696,224997104,49,40,41,1256,49918001,0
395,1417723696,224997104,32,40,41,1549,50045001,0
395,1417723696,224997104,41,40,41,1256,49975001,0
395,1417723696,224997104,42,40,39,1255,49952001,0
395,1417723696,224997104,50,40,41,1283,50896001,1
396,1417723696,224997104,22,40,39,1202,50370001,0
396,1417723696,231997014,47,40,40,1090,50269001,0
396,1417723696,231997014,38,40,41,1283,50277001,0
396,1417723696,231997014,28,40,39,1541,50541001,1
396,1417723696,235996962,39,40,39,1069,50247001,0
397,1417723696,235996962,44,40,41,1549,50247001,0
397,1417723696,238996923,40,40,41,1560,50157001,0
397,1417723696,238996923,48,40,41,1549,50429001,3
397,1417723696,238996923,35,40,40,1084,50336001,0
397,1417723696,254996717,10,40,39,1189,51815001,1
398,1417723696,254996717,18,40,39,1175,49692001,0
398,1417723696,254996717,15,40,39,1038,52038001,9
398,1417723696,256996692,1,40,31,1087,49769001,0
398,1417723696,256996692,2,40,39,1175,50162001,0
398,1417723696,256996692,25,40,39,1172,50579001,2
399,1417723696,256996692,6,40,38,1189,52487001,1
399,1417723696,256996692,9,40,39,1172,52685001,2
399,1417723696,257996679,5,40,39,1172,50677001,0
399,1417723696,257996679,13,40,39,1172,53041001,10
399,1417723696,257996679,20,40,41,1579,51675001,11
400,1417723696,257996679,11,40,39,1045,53139001,10
400,1417723696,257996679,3,40,40,1058,51332001,9
400,1417723696,257996679,45,40,41,1256,50434001,3
400,1417723696,260996640,43,40,40,1090,50201001,0
400,1417723696,260996640,27,40,40,1090,50279001,0
401,1417723696,260996640,7,40,39,1038,50493001,3
401,1417723696,260996640,21,40,39,1172,56363001,14
401,1417723696,260996640,19,40,39,1045,50221001,0
401,1417723696,260996640,17,40,39,1172,50558001,5
401,1417723696,261996627,16,40,39,1539,50172001,0
402,1417723696,261996627,24,40,39,1539,50157001,0
402,1417723696,261996627,14,40,39,1189,50270001,0
402,1417723696,261996627,37,40,41,1256,50263001,0
402,1417723696,264996589,30,40,39,1255,50191001,0
402,1417723696,264996589,31,40,39,1081,49762001,0
403,1417723696,266996563,33,40,41,1256,50145001,0
403,1417723696,266996563,34,40,41,1283,50180001,0
403,1417723696,266996563,26,40,41,1283,49572001,0
403,1417723696,266996563,29,40,41,1256,48770001,0
403,1417723696,266996563,36,40,41,1549,49813001,0
404,1417723696,268996537,4,40,39,1539,50174001,0
404,1417723696,268996537,12,40,39,1539,50236001,0
