Simulation time,DDS time seconds,DDS time nanoseconds,Turbine Id,Setpoint,Current production,Max production,MS since last write,Cache count
0,1417723594,787989855,15,40,40,1061,45234000,0
0,1417723594,836989225,19,40,39,1038,44733000,0
0,1417723594,836989225,26,40,38,1258,42173000,0
1,1417723594,839989186,3,40,40,1058,45247000,0
1,1417723594,841989160,12,40,40,1553,45166000,0
1,1417723594,841989160,7,40,40,1058,45363000,0
1,1417723594,841989160,20,40,40,1553,45258000,0
1,1417723594,841989160,37,40,41,1256,45218000,0
2,1417723594,842989147,49,40,41,1256,44942000,0
2,1417723594,842989147,36,40,41,1560,45104000,0
2,1417723594,842989147,18,40,39,1189,45179000,0
2,1417723594,847989083,17,40,39,1172,45195000,0
2,1417723594,847989083,10,40,39,1175,45093000,0
3,1417723594,847989083,50,40,38,1258,45138000,0
3,1417723594,847989083,45,40,41,1256,44988000,0
3,1417723594,848989070,35,40,40,1084,44912000,0
3,1417723594,848989070,30,40,39,1255,45166000,0
3,1417723594,848989070,25,40,39,1172,45218000,0
4,1417723594,848989070,46,40,39,1255,45249000,0
4,1417723594,848989070,38,40,38,1258,45190000,0
4,1417723594,857988954,47,40,39,1066,45298000,0
4,1417723594,857988954,44,40,41,1549,45492000,0
4,1417723594,857988954,24,40,40,1553,43800000,0
5,1417723594,857988954,2,40,39,1189,45447000,0
5,1417723594,857988954,21,40,39,1172,45519000,3
5,1417723594,857988954,9,40,39,1172,45496000,3
5,1417723594,858988941,23,40,39,1038,46262000,3
5,1417723594,859988928,13,40,39,1172,44836000,0
6,1417723594,859988928,22,40,38,1176,45574000,1
6,1417723594,859988928,4,40,40,1553,45323000,0
6,1417723594,862988890,11,40,39,1038,44974000,0
6,1417723594,862988890,39,40,39,1066,45217000,0
6,1417723594,862988890,32,40,40,1557,45165000,0
7,1417723594,862988890,28,40,40,1557,45062000,0
7,1417723594,865988851,42,40,39,1258,44932000,0
7,1417723594,865988851,33,40,41,1256,45280000,0
7,1417723594,865988851,8,40,40,1573,45173000,0
7,1417723594,865988851,29,40,41,1256,45504000,3
8,1417723594,865988851,41,40,41,1256,44997000,0
8,1417723594,865988851,16,40,40,1553,45321000,5
8,1417723594,866988838,14,40,39,1176,44909000,0
8,1417723594,866988838,5,40,39,1172,44949000,0
8,1417723594,870988787,6,40,39,1176,45102000,0
9,1417723594,870988787,27,40,40,1090,45365000,0
9,1417723594,870988787,1,40,39,1172,45162000,0
9,1417723594,870988787,43,40,39,1071,44729000,0
9,1417723594,870988787,34,40,39,1260,44754000,0
9,1417723594,871988774,40,40,41,1533,44765000,0
10,1417723594,871988774,48,40,41,1533,45715000,6
10,1417723594,871988774,31,40,39,1066,45715000,9
10,1417723594,871988774,15,40,40,1062,45132000,0
10,1417723594,876988710,19,40,40,1051,35693000,0
10,1417723594,876988710,26,40,39,1258,45532000,1
11,1417723594,884988607,7,40,40,1058,45446000,0
11,1417723594,887988568,3,40,40,1058,45204000,0
11,1417723594,887988568,12,40,40,1553,45229000,0
11,1417723594,887988568,37,40,41,1256,44917000,0
11,1417723594,887988568,20,40,41,1579,44981000,0
12,1417723594,887988568,36,40,41,1560,45096000,0
12,1417723594,887988568,49,40,41,1256,44844000,0
12,1417723594,887988568,45,40,41,1256,45192000,0
12,1417723594,892988504,35,40,40,1090,45042000,0
12,1417723594,893988491,50,40,39,1258,44288000,0
13,1417723594,893988491,17,40,39,1172,45754000,1
13,1417723594,893988491,10,40,39,1176,45784000,3
13,1417723594,893988491,30,40,39,1255,44378000,0
13,1417723594,893988491,18,40,39,1189,45757000,0
13,1417723594,893988491,25,40,39,1172,45963000,7
14,1417723594,893988491,46,40,39,1255,36254000,0
14,1417723594,893988491,38,40,39,1258,45035000,0
14,1417723594,902988375,47,40,39,1066,44930000,0
14,1417723594,902988375,44,40,41,1549,45265000,0
14,1417723594,902988375,2,40,39,1189,45322000,2
15,1417723594,902988375,24,40,40,1553,45502000,1
15,1417723594,903988362,21,40,39,1172,45123000,0
15,1417723594,903988362,9,40,39,1172,45040000,0
15,1417723594,903988362,13,40,39,1172,45081000,0
15,1417723594,904988349,22,40,39,1176,45534000,3
16,1417723594,904988349,23,40,40,1051,44520000,0
16,1417723594,904988349,11,40,40,1051,45430000,2
16,1417723594,907988310,4,40,40,1553,45373000,1
16,1417723594,907988310,39,40,39,1069,45514000,2
16,1417723594,907988310,32,40,40,1557,44931000,0
17,1417723594,907988310,42,40,39,1255,45074000,0
17,1417723594,910988272,28,40,40,1557,45005000,0
17,1417723594,910988272,8,40,40,1573,45290000,0
17,1417723594,910988272,29,40,41,1256,45176000,0
17,1417723594,910988272,33,40,41,1256,44986000,0
18,1417723594,911988259,14,40,39,1166,45084000,0
18,1417723594,911988259,16,40,40,1553,44975000,0
18,1417723594,911988259,41,40,41,1256,44740000,0
18,1417723594,911988259,6,40,39,1175,44975000,0
18,1417723594,915988207,5,40,39,1172,45135000,0
19,1417723594,915988207,43,40,39,1071,44959000,0
19,1417723594,915988207,27,40,40,1090,44611000,0
19,1417723594,916988195,34,40,39,1260,44740000,0
19,1417723594,916988195,1,40,39,1172,45337000,0
19,1417723594,916988195,40,40,41,1533,44413000,0
20,1417723594,916988195,31,40,39,1069,45229000,0
20,1417723594,916988195,48,40,41,1533,45043000,0
20,1417723594,916988195,15,40,40,1062,45167000,0
20,1417723594,921988130,19,40,40,1051,45398000,2
20,1417723594,921988130,26,40,39,1258,45286000,0
21,1417723594,929988027,7,40,40,1061,44440000,0
21,1417723594,932987989,12,40,41,1579,44548000,0
21,1417723594,932987989,3,40,40,1058,45181000,0
21,1417723594,932987989,37,40,41,1256,44892000,0
21,1417723594,932987989,20,40,41,1579,45374000,1
22,1417723594,932987989,49,40,41,1256,45173000,0
22,1417723594,932987989,36,40,40,1557,45210000,0
22,1417723594,932987989,50,40,39,1258,45193000,0
22,1417723594,938987911,45,40,41,1256,45212000,0
22,1417723594,938987911,35,40,40,1090,45261000,0
23,1417723594,938987911,17,40,39,1172,45195000,0
23,1417723594,938987911,10,40,39,1176,45439000,0
23,1417723594,938987911,30,40,39,1255,45253000,0
23,1417723594,938987911,18,40,38,1176,45190000,0
23,1417723594,938987911,25,40,31,1087,45046000,0
24,1417723594,939987898,46,40,39,1255,45363000,2
24,1417723594,939987898,38,40,39,1258,45459000,1
24,1417723594,947987795,47,40,39,1066,45454000,1
24,1417723594,947987795,44,40,41,1560,45442000,2
24,1417723594,947987795,2,40,38,1176,45478000,2
25,1417723594,947987795,24,40,41,1579,45252000,0
25,1417723594,947987795,21,40,39,1172,45250000,0
25,1417723594,948987783,9,40,39,1172,44909000,0
25,1417723594,948987783,23,40,40,1051,45214000,0
25,1417723594,949987770,22,40,39,1176,45157000,0
26,1417723594,949987770,13,40,39,1172,45432000,2
26,1417723594,949987770,11,40,40,1051,44894000,0
26,1417723594,953987718,4,40,41,1579,45200000,0
26,1417723594,953987718,39,40,39,1069,45056000,0
26,1417723594,953987718,32,40,39,1541,45252000,0
27,1417723594,953987718,28,40,39,1541,45260000,0
27,1417723594,956987680,29,40,41,1256,44923000,0
27,1417723594,956987680,8,40,40,1573,45032000,0
27,1417723594,956987680,33,40,41,1256,45242000,0
27,1417723594,956987680,41,40,41,1256,45722000,5
28,1417723594,957987667,14,40,39,1166,44894000,0
28,1417723594,957987667,42,40,39,1255,45680000,0
28,1417723594,957987667,16,40,40,1553,45484000,0
28,1417723594,957987667,5,40,31,1087,44711000,0
28,1417723594,961987615,6,40,39,1175,44534000,0
29,1417723594,961987615,1,40,31,1087,45121000,0
29,1417723594,961987615,27,40,39,1081,45368000,0
29,1417723594,961987615,43,40,39,1071,44787000,0
29,1417723594,962987602,34,40,39,1260,44610000,0
29,1417723594,962987602,40,40,41,1533,44695000,0
30,1417723594,962987602,31,40,39,1069,44965000,0
30,1417723594,962987602,48,40,41,1533,45621000,7
30,1417723594,962987602,15,40,40,1062,45304000,0
30,1417723594,967987538,19,40,40,1051,45324000,0
30,1417723594,967987538,26,40,39,1255,45407000,0
31,1417723594,975987435,7,40,40,1061,44784000,0
31,1417723594,978987396,12,40,41,1579,44785000,0
31,1417723594,978987396,3,40,40,1061,45161000,0
31,1417723594,978987396,20,40,41,1579,45431000,3
31,1417723594,978987396,37,40,41,1256,44882000,0
32,1417723594,978987396,49,40,41,1256,44793000,0
32,1417723594,978987396,36,40,40,1557,45376000,0
32,1417723594,978987396,45,40,41,1256,44552000,0
32,1417723594,984987319,35,40,40,1090,45266000,0
32,1417723594,984987319,50,40,39,1255,45141000,0
33,1417723594,984987319,17,40,39,1172,45174000,0
33,1417723594,984987319,10,40,39,1176,44878000,0
33,1417723594,984987319,30,40,39,1260,45556000,3
33,1417723594,984987319,25,40,32,1087,45295000,0
33,1417723594,984987319,18,40,39,1176,45510000,3
34,1417723594,984987319,46,40,39,1260,45471000,1
34,1417723594,984987319,47,40,39,1069,45231000,0
34,1417723594,993987203,44,40,41,1560,45130000,0
34,1417723594,993987203,38,40,39,1255,45181000,0
34,1417723594,993987203,2,40,39,1176,45357000,0
35,1417723594,994987190,24,40,41,1579,45218000,0
35,1417723594,994987190,21,40,39,1172,45492000,1
35,1417723594,994987190,9,40,39,1172,44549000,0
35,1417723594,994987190,22,40,39,1175,45214000,0
35,1417723594,995987177,13,40,39,1172,45322000,0
36,1417723594,995987177,23,40,40,1051,45240000,0
36,1417723594,995987177,4,40,41,1579,45438000,0
36,1417723594,998987139,11,40,40,1051,45035000,0
36,1417723594,998987139,39,40,39,1069,45129000,0
36,1417723594,998987139,32,40,39,1541,41350000,0
37,1417723595,0,28,40,39,1541,44751000,0
37,1417723595,1999975,29,40,41,1256,44569000,0
37,1417723595,1999975,33,40,41,1256,44640000,0
37,1417723595,1999975,41,40,41,1256,45138000,0
37,1417723595,2999962,8,40,40,1573,44869000,0
38,1417723595,2999962,42,40,39,1255,44404000,0
38,1417723595,2999962,14,40,39,1166,45147000,0
38,1417723595,2999962,16,40,41,1579,45413000,0
38,1417723595,2999962,5,40,32,1087,45273000,0
38,1417723595,6999910,6,40,39,1175,45308000,0
39,1417723595,7999898,34,40,40,1270,44354000,0
39,1417723595,7999898,1,40,32,1087,45394000,3
39,1417723595,7999898,27,40,39,1081,45255000,0
39,1417723595,7999898,43,40,39,1066,45244000,0
39,1417723595,7999898,40,40,41,1549,45082000,0
40,1417723595,7999898,31,40,39,1069,44733000,0
40,1417723595,7999898,48,40,41,1549,44894000,0
40,1417723595,7999898,15,40,40,1062,45277000,0
40,1417723595,12999833,19,40,40,1051,45249000,0
40,1417723595,12999833,26,40,39,1255,45334000,0
41,1417723595,21999717,3,40,40,1061,44785000,0
41,1417723595,23999692,7,40,40,1061,45175000,0
41,1417723595,23999692,12,40,41,1579,45297000,0
41,1417723595,23999692,36,40,40,1557,45108000,0
41,1417723595,23999692,37,40,41,1256,44741000,0
42,1417723595,23999692,20,40,40,1573,44953000,0
42,1417723595,24999679,49,40,41,1256,44992000,0
42,1417723595,24999679,50,40,39,1255,44959000,0
42,1417723595,29999614,35,40,40,1090,45251000,0
42,1417723595,29999614,45,40,41,1256,45034000,0
43,1417723595,29999614,10,40,39,1166,44200000,0
43,1417723595,29999614,17,40,39,1172,43832000,0
43,1417723595,29999614,30,40,39,1260,44819000,0
43,1417723595,29999614,46,40,39,1260,45755000,6
43,1417723595,30999601,25,40,33,1087,44657000,0
44,1417723595,30999601,18,40,39,1176,45030000,0
44,1417723595,30999601,38,40,39,1255,45109000,0
44,1417723595,38999498,47,40,39,1069,45082000,0
44,1417723595,39999486,44,40,41,1560,45246000,0
44,1417723595,39999486,24,40,41,1579,44526000,0
45,1417723595,39999486,2,40,39,1176,45420000,0
45,1417723595,39999486,21,40,39,1172,45833000,4
45,1417723595,39999486,13,40,39,1172,45157000,0
45,1417723595,40999473,22,40,39,1175,44857000,0
45,1417723595,40999473,9,40,39,1172,46353000,2
46,1417723595,41999460,23,40,40,1051,46675000,3
46,1417723595,41999460,11,40,40,1051,45526000,2
46,1417723595,43999434,4,40,41,1579,45333000,0
46,1417723595,44999421,39,40,40,1084,45196000,0
46,1417723595,44999421,32,40,39,1541,45456000,2
47,1417723595,44999421,28,40,39,1541,44519000,0
47,1417723595,47999383,29,40,41,1256,45320000,1
47,1417723595,47999383,33,40,41,1256,45633000,1
47,1417723595,47999383,41,40,41,1256,44832000,0
47,1417723595,47999383,42,40,39,1255,45583000,2
48,1417723595,47999383,8,40,39,1558,45277000,0
48,1417723595,47999383,14,40,38,1148,44957000,0
48,1417723595,47999383,16,40,41,1579,44909000,0
48,1417723595,47999383,5,40,33,1087,44615000,0
48,1417723595,52999318,6,40,39,1175,45141000,0
49,1417723595,52999318,1,40,33,1087,44612000,0
49,1417723595,52999318,43,40,39,1066,44498000,0
49,1417723595,52999318,27,40,39,1081,44645000,0
49,1417723595,52999318,34,40,40,1270,44527000,0
49,1417723595,52999318,40,40,41,1549,44550000,0
50,1417723595,52999318,31,40,40,1084,44917000,0
50,1417723595,52999318,48,40,41,1549,45238000,0
50,1417723595,52999318,15,40,38,1041,45234000,0
50,1417723595,58999241,19,40,40,1058,45180000,0
50,1417723595,58999241,26,40,39,1255,45524000,0
51,1417723595,66999138,12,40,40,1573,45182000,0
51,1417723595,68999112,7,40,40,1062,45327000,0
51,1417723595,68999112,3,40,40,1061,44888000,0
51,1417723595,68999112,37,40,41,1256,45175000,0
51,1417723595,68999112,36,40,39,1541,45287000,0
52,1417723595,69999099,20,40,40,1573,45148000,0
52,1417723595,69999099,49,40,41,1256,45401000,0
52,1417723595,69999099,45,40,41,1256,44576000,0
52,1417723595,74999035,50,40,39,1255,45050000,0
52,1417723595,74999035,35,40,39,1081,45084000,0
53,1417723595,74999035,30,40,39,1260,45351000,0
53,1417723595,74999035,17,40,39,1172,45085000,0
53,1417723595,75999022,46,40,39,1260,45007000,0
53,1417723595,75999022,10,40,39,1166,44867000,0
53,1417723595,75999022,25,40,34,1087,45184000,0
54,1417723595,75999022,18,40,39,1175,45179000,0
54,1417723595,75999022,44,40,40,1557,45217000,0
54,1417723595,84998906,38,40,39,1255,45087000,0
54,1417723595,84998906,47,40,39,1069,45284000,0
54,1417723595,84998906,24,40,40,1573,44059000,0
55,1417723595,84998906,2,40,39,1175,45625000,0
55,1417723595,84998906,21,40,39,1172,45268000,0
55,1417723595,84998906,13,40,39,1172,45499000,2
55,1417723595,85998893,22,40,39,1175,46429000,7
55,1417723595,86998880,9,40,39,1172,45214000,0
56,1417723595,86998880,23,40,40,1058,42817000,0
56,1417723595,86998880,4,40,40,1573,45141000,0
56,1417723595,89998842,39,40,40,1084,45244000,0
56,1417723595,89998842,11,40,40,1058,45416000,0
56,1417723595,89998842,32,40,39,1541,45502000,2
57,1417723595,89998842,29,40,41,1256,45432000,1
57,1417723595,92998803,28,40,39,1541,45297000,0
57,1417723595,92998803,41,40,41,1256,45586000,4
57,1417723595,92998803,33,40,41,1256,45065000,0
57,1417723595,92998803,42,40,39,1260,45176000,0
58,1417723595,92998803,8,40,39,1558,46222000,3
58,1417723595,92998803,16,40,41,1579,46130000,7
58,1417723595,92998803,14,40,39,1148,46523000,0
58,1417723595,93998790,5,40,34,1087,45221000,0
58,1417723595,97998739,6,40,39,1176,45103000,0
59,1417723595,97998739,1,40,34,1087,45429000,2
59,1417723595,97998739,34,40,40,1270,44803000,0
59,1417723595,97998739,43,40,39,1066,44621000,0
59,1417723595,97998739,27,40,39,1075,45003000,0
59,1417723595,97998739,40,40,41,1549,45036000,0
60,1417723595,97998739,48,40,41,1549,45508000,4
60,1417723595,98998726,31,40,40,1084,45070000,0
60,1417723595,98998726,15,40,39,1041,45422000,1
60,1417723595,103998662,19,40,40,1058,45341000,0
60,1417723595,103998662,26,40,39,1255,45289000,0
61,1417723595,111998559,7,40,40,1062,45314000,0
61,1417723595,113998533,12,40,40,1573,45297000,0
61,1417723595,114998520,3,40,40,1062,44932000,0
61,1417723595,114998520,37,40,41,1256,45171000,0
61,1417723595,114998520,36,40,39,1541,45071000,0
62,1417723595,114998520,20,40,40,1573,45416000,2
62,1417723595,114998520,49,40,41,1256,39341000,0
62,1417723595,114998520,45,40,41,1256,45312000,0
62,1417723595,119998456,35,40,39,1081,44974000,0
62,1417723595,120998443,50,40,39,1255,45246000,0
63,1417723595,120998443,46,40,40,1270,45100001,0
63,1417723595,120998443,17,40,31,1087,44900000,0
63,1417723595,120998443,10,40,39,1166,45257000,0
63,1417723595,120998443,30,40,40,1270,45435000,4
63,1417723595,120998443,25,40,35,1087,45057000,0
64,1417723595,120998443,18,40,39,1175,45088000,0
64,1417723595,120998443,38,40,39,1255,44496000,0
64,1417723595,129998327,44,40,40,1557,45124000,0
64,1417723595,129998327,47,40,40,1084,45077000,0
64,1417723595,129998327,24,40,40,1573,45259000,0
65,1417723595,129998327,2,40,39,1175,45127000,0
65,1417723595,129998327,21,40,39,1172,45310000,1
65,1417723595,129998327,22,40,39,1175,45022000,0
65,1417723595,130998314,13,40,39,1172,45184000,0
65,1417723595,130998314,9,40,39,1172,44868000,0
66,1417723595,131998301,23,40,40,1058,45306000,1
66,1417723595,131998301,11,40,40,1058,45342000,0
66,1417723595,134998262,4,40,40,1573,45088000,0
66,1417723595,134998262,39,40,40,1084,45192000,0
66,1417723595,134998262,32,40,39,1536,45262000,0
67,1417723595,134998262,29,40,41,1256,45003001,0
67,1417723595,137998224,28,40,39,1536,44697001,0
67,1417723595,137998224,41,40,41,1256,45207001,0
67,1417723595,137998224,33,40,41,1256,45188000,0
67,1417723595,137998224,42,40,39,1260,45548001,4
68,1417723595,137998224,8,40,39,1558,45220000,0
68,1417723595,138998211,16,40,40,1573,44949000,0
68,1417723595,138998211,14,40,39,1148,41780000,0
68,1417723595,138998211,6,40,39,1176,45272000,0
68,1417723595,142998159,5,40,35,1087,45435000,2
69,1417723595,142998159,1,40,35,1087,45261000,0
69,1417723595,142998159,34,40,41,1283,45014000,0
69,1417723595,142998159,27,40,39,1075,45130000,0
69,1417723595,143998147,43,40,39,1066,44579000,0
69,1417723595,143998147,40,40,41,1549,45117000,0
70,1417723595,143998147,48,40,41,1549,45172000,0
70,1417723595,143998147,31,40,40,1084,45066000,0
70,1417723595,143998147,19,40,40,1058,45347000,0
70,1417723595,148998082,15,40,39,1041,45249000,0
70,1417723595,148998082,26,40,39,1260,45366000,0
71,1417723595,157997966,12,40,40,1573,44749000,0
71,1417723595,159997941,3,40,40,1062,44761001,0
71,1417723595,159997941,7,40,40,1062,45277001,0
71,1417723595,159997941,36,40,39,1541,45360000,0
71,1417723595,159997941,49,40,41,1256,45429001,7
72,1417723595,159997941,20,40,40,1573,45615000,3
72,1417723595,159997941,37,40,41,1256,45540000,0
72,1417723595,159997941,35,40,39,1081,45102001,0
72,1417723595,165997863,50,40,39,1260,44783000,0
72,1417723595,165997863,45,40,41,1256,44928001,0
73,1417723595,165997863,46,40,40,1270,45407001,3
73,1417723595,165997863,17,40,32,1087,45133001,0
73,1417723595,165997863,10,40,38,1148,45051000,0
73,1417723595,165997863,30,40,40,1270,45363001,0
73,1417723595,165997863,25,40,36,1087,44976001,0
74,1417723595,165997863,18,40,39,1175,45115000,0
74,1417723595,165997863,47,40,40,1084,45303001,0
74,1417723595,174997747,44,40,40,1557,45299001,0
74,1417723595,174997747,38,40,39,1260,45499000,3
74,1417723595,175997735,24,40,40,1573,45260001,0
75,1417723595,175997735,21,40,31,1087,44880001,0
75,1417723595,175997735,2,40,39,1175,45333000,1
75,1417723595,175997735,22,40,39,1176,45165001,0
75,1417723595,175997735,13,40,31,1087,45120000,0
75,1417723595,175997735,9,40,31,1087,45034001,0
76,1417723595,176997722,23,40,40,1058,42565000,0
76,1417723595,176997722,11,40,40,1058,44987001,0
76,1417723595,179997683,4,40,40,1573,45021000,0
76,1417723595,179997683,39,40,40,1090,45224001,0
76,1417723595,179997683,32,40,39,1536,45331000,0
77,1417723595,180997670,28,40,39,1536,45285001,0
77,1417723595,182997644,29,40,41,1256,45091001,0
77,1417723595,182997644,41,40,41,1256,44874001,0
77,1417723595,182997644,33,40,41,1256,45416001,3
77,1417723595,183997632,42,40,39,1260,45195001,0
78,1417723595,183997632,8,40,40,1568,45106001,0
78,1417723595,183997632,16,40,40,1573,45234001,0
78,1417723595,183997632,14,40,39,1148,45342000,1
78,1417723595,183997632,1,40,36,1087,45324001,0
78,1417723595,187997580,6,40,39,1176,45295001,0
79,1417723595,188997567,5,40,36,1087,45161000,0
79,1417723595,188997567,27,40,39,1075,45026000,0
79,1417723595,188997567,43,40,39,1069,44571001,0
79,1417723595,188997567,34,40,41,1283,44804001,0
79,1417723595,188997567,40,40,41,1560,44772001,0
80,1417723595,188997567,31,40,40,1090,45470001,5
80,1417723595,188997567,48,40,41,1560,45265001,0
80,1417723595,188997567,19,40,40,1061,45561001,0
80,1417723595,194997490,15,40,38,1029,45618001,0
80,1417723595,194997490,26,40,39,1260,45214001,0
81,1417723595,202997387,12,40,40,1573,45230000,0
81,1417723595,204997361,3,40,40,1062,44764001,0
81,1417723595,204997361,7,40,40,1062,45320001,0
81,1417723595,204997361,49,40,41,1256,44508001,0
81,1417723595,204997361,36,40,39,1541,45099001,0
82,1417723595,204997361,20,40,39,1558,45148001,0
82,1417723595,205997348,37,40,41,1256,44981001,0
82,1417723595,205997348,46,40,40,1270,45282001,0
82,1417723595,210997284,50,40,39,1260,44940001,0
82,1417723595,210997284,35,40,39,1075,44422001,0
83,1417723595,210997284,17,40,33,1087,44807001,0
83,1417723595,210997284,10,40,39,1148,44714001,0
83,1417723595,211997271,18,40,39,1175,45014000,0
83,1417723595,211997271,25,40,37,1087,44827001,0
83,1417723595,211997271,30,40,40,1270,44822001,0
84,1417723595,211997271,45,40,41,1256,44649001,0
84,1417723595,211997271,44,40,39,1541,45086001,0
84,1417723595,220997155,38,40,39,1260,45097001,0
84,1417723595,220997155,47,40,40,1084,45300001,0
84,1417723595,220997155,24,40,40,1573,45986001,3
85,1417723595,220997155,2,40,39,1175,45319001,0
85,1417723595,220997155,21,40,32,1087,45806001,3
85,1417723595,220997155,22,40,39,1176,45077001,0
85,1417723595,220997155,9,40,32,1087,46463001,6
85,1417723595,220997155,23,40,40,1061,46652001,7
86,1417723595,221997142,13,40,32,1087,46563001,2
86,1417723595,222997129,4,40,40,1573,45351001,0
86,1417723595,224997104,11,40,40,1061,45438001,2
86,1417723595,225997091,32,40,39,1536,45033001,0
86,1417723595,225997091,39,40,40,1090,45278001,0
87,1417723595,225997091,41,40,41,1256,44947001,0
87,1417723595,228997052,29,40,41,1256,44813001,0
87,1417723595,228997052,28,40,39,1536,45055001,0
87,1417723595,228997052,42,40,40,1270,45157001,0
87,1417723595,228997052,33,40,41,1256,44893001,0
88,1417723595,228997052,16,40,40,1573,44658001,0
88,1417723595,228997052,8,40,40,1568,45325001,0
88,1417723595,228997052,14,40,37,1121,41534001,0
88,1417723595,228997052,1,40,37,1087,44660001,0
88,1417723595,233996988,27,40,39,1065,45025001,0
89,1417723595,233996988,34,40,41,1283,44687001,0
89,1417723595,233996988,31,40,40,1090,44770001,0
89,1417723595,233996988,40,40,41,1560,45112001,0
89,1417723595,233996988,6,40,39,1166,45042001,0
89,1417723595,233996988,48,40,41,1560,45262001,0
90,1417723595,234996975,43,40,39,1069,44791001,0
90,1417723595,234996975,5,40,37,1087,45384001,0
90,1417723595,234996975,19,40,40,1061,36754001,0
90,1417723595,239996911,15,40,39,1029,45114001,0
90,1417723595,239996911,26,40,39,1260,45309001,0
91,1417723595,247996808,7,40,38,1041,45303001,0
91,1417723595,249996782,12,40,39,1558,44933001,0
91,1417723595,250996769,3,40,40,1062,45022001,0
91,1417723595,250996769,49,40,41,1256,44904001,0
91,1417723595,250996769,36,40,39,1536,45341001,0
92,1417723595,250996769,37,40,41,1256,44879001,0
92,1417723595,250996769,20,40,39,1558,45427001,0
92,1417723595,250996769,46,40,41,1283,45137001,0
92,1417723595,255996705,50,40,39,1260,45223001,0
92,1417723595,255996705,35,40,39,1075,44734001,0
93,1417723595,255996705,10,40,39,1148,45012001,0
93,1417723595,256996692,17,40,34,1087,44675001,0
93,1417723595,256996692,30,40,41,1283,44988001,0
93,1417723595,256996692,25,40,29,998,45030001,0
93,1417723595,256996692,18,40,39,1176,44927001,0
94,1417723595,256996692,45,40,41,1256,46345001,0
94,1417723595,256996692,47,40,40,1090,45407001,0
94,1417723595,265996576,44,40,39,1541,45571001,2
94,1417723595,265996576,38,40,39,1260,45353001,0
94,1417723595,265996576,24,40,39,1558,44304001,0
95,1417723595,265996576,21,40,33,1087,44134001,0
95,1417723595,265996576,2,40,39,1176,45561001,1
95,1417723595,266996563,22,40,39,1176,45157001,0
95,1417723595,266996563,23,40,40,1061,44872001,0
95,1417723595,267996550,13,40,33,1087,42585001,0
96,1417723595,267996550,9,40,33,1087,44746001,0
96,1417723595,267996550,11,40,40,1061,45239001,0
96,1417723595,270996512,4,40,39,1558,45132001,0
96,1417723595,270996512,39,40,40,1090,45644001,2
96,1417723595,270996512,32,40,39,1535,45125001,0
97,1417723595,270996512,28,40,39,1535,45294001,0
97,1417723595,273996473,29,40,41,1256,45234001,0
97,1417723595,273996473,41,40,41,1256,45175001,0
97,1417723595,273996473,42,40,40,1270,44298001,0
97,1417723595,273996473,33,40,41,1256,45234001,0
98,1417723595,273996473,8,40,40,1568,45368001,0
98,1417723595,274996460,16,40,40,1573,45483001,2
98,1417723595,274996460,14,40,38,1121,45458001,1
98,1417723595,274996460,1,40,29,998,45318001,0
98,1417723595,278996409,27,40,39,1065,44942001,0
99,1417723595,278996409,31,40,40,1090,44836001,0
99,1417723595,278996409,34,40,41,1283,44731001,0
99,1417723595,278996409,40,40,41,1560,45086001,0
99,1417723595,279996396,6,40,39,1166,45414001,0
99,1417723595,279996396,48,40,41,1560,45073001,0
100,1417723595,279996396,43,40,39,1069,44745001,0
100,1417723595,279996396,5,40,29,998,45658001,8
100,1417723595,279996396,19,40,40,1061,45413001,2
100,1417723595,284996331,15,40,39,1029,45362001,0
100,1417723595,284996331,26,40,40,1270,45362001,0
101,1417723595,293996215,36,40,39,1536,45191001,0
101,1417723595,295996190,49,40,41,1256,44988001,0
101,1417723595,295996190,3,40,38,1041,45032001,0
101,1417723595,295996190,7,40,39,1041,45351001,0
101,1417723595,295996190,12,40,39,1558,44974001,0
102,1417723595,295996190,37,40,41,1256,45403001,2
102,1417723595,295996190,20,40,39,1558,38931001,0
102,1417723595,295996190,46,40,41,1283,44552001,0
102,1417723595,301996112,35,40,39,1075,44263001,0
102,1417723595,301996112,50,40,40,1270,44625001,0
103,1417723595,301996112,10,40,39,1148,44684001,0
103,1417723595,301996112,17,40,35,1087,44832001,0
103,1417723595,301996112,25,40,30,998,45487001,7
103,1417723595,301996112,30,40,41,1283,45476001,4
103,1417723595,301996112,18,40,39,1176,45253001,0
104,1417723595,301996112,45,40,41,1256,45228001,0
104,1417723595,301996112,38,40,40,1270,44570001,0
104,1417723595,310995997,44,40,39,1541,45148001,0
104,1417723595,310995997,47,40,40,1090,45262001,0
104,1417723595,310995997,24,40,39,1558,45200001,0
105,1417723595,311995984,21,40,34,1087,45130001,0
105,1417723595,311995984,2,40,39,1176,45215001,0
105,1417723595,311995984,22,40,39,1166,45155001,0
105,1417723595,311995984,23,40,40,1061,45710001,2
105,1417723595,312995971,13,40,34,1087,45834001,3
106,1417723595,312995971,9,40,34,1087,45799001,0
106,1417723595,312995971,11,40,40,1061,45037001,0
106,1417723595,315995932,4,40,39,1558,45285001,0
106,1417723595,315995932,32,40,39,1535,45033001,0
106,1417723595,315995932,39,40,40,1090,45183001,0
107,1417723595,315995932,41,40,41,1256,45219001,0
107,1417723595,318995894,29,40,41,1256,44859001,0
107,1417723595,318995894,28,40,39,1535,44732001,0
107,1417723595,318995894,42,40,40,1270,45466001,5
107,1417723595,318995894,33,40,41,1256,45130001,0
108,1417723595,319995881,8,40,41,1580,45351001,0
108,1417723595,319995881,16,40,39,1558,45320001,0
108,1417723595,319995881,14,40,39,1121,40354001,0
108,1417723595,319995881,27,40,39,1065,44902001,0
108,1417723595,323995829,34,40,40,1274,44668001,0
109,1417723595,324995816,31,40,40,1090,44558001,0
109,1417723595,324995816,1,40,30,998,45471001,1
109,1417723595,324995816,6,40,39,1166,45541001,1
109,1417723595,324995816,40,40,40,1557,44984001,0
109,1417723595,324995816,48,40,40,1557,45226001,0
110,1417723595,324995816,43,40,40,1084,45273001,0
110,1417723595,324995816,5,40,30,998,44629001,0
110,1417723595,324995816,19,40,40,1062,43228001,0
110,1417723595,330995739,15,40,39,1033,43336001,0
110,1417723595,330995739,26,40,40,1270,45366001,0
111,1417723595,338995636,3,40,39,1041,45208001,0
111,1417723595,340995610,49,40,41,1256,45368001,0
111,1417723595,340995610,12,40,39,1558,45294001,0
111,1417723595,340995610,36,40,39,1536,45080001,0
111,1417723595,340995610,7,40,39,1041,44896001,0
112,1417723595,340995610,37,40,41,1256,45454001,4
112,1417723595,341995597,20,40,40,1568,45592001,7
112,1417723595,341995597,50,40,40,1270,45166001,0
112,1417723595,346995533,46,40,41,1283,45213001,0
112,1417723595,346995533,35,40,39,1065,45118001,0
113,1417723595,346995533,17,40,36,1087,45242001,0
113,1417723595,346995533,10,40,37,1121,44613001,0
113,1417723595,346995533,30,40,41,1283,44413001,0
113,1417723595,346995533,25,40,31,998,45122001,0
113,1417723595,346995533,18,40,39,1176,45109001,0
114,1417723595,347995520,45,40,41,1256,45343001,0
114,1417723595,347995520,38,40,40,1270,45144001,0
114,1417723595,355995417,47,40,40,1090,45008001,0
114,1417723595,356995404,44,40,39,1541,45150001,0
114,1417723595,356995404,21,40,35,1087,45054001,0
115,1417723595,356995404,2,40,39,1176,45249001,0
115,1417723595,356995404,24,40,39,1558,45212001,0
115,1417723595,356995404,22,40,39,1166,44679001,0
115,1417723595,356995404,23,40,40,1062,45371001,0
115,1417723595,358995379,13,40,35,1087,45289001,0
116,1417723595,358995379,9,40,35,1087,45117001,0
116,1417723595,358995379,11,40,40,1062,45441001,2
116,1417723595,360995353,4,40,39,1558,45207001,0
116,1417723595,361995340,32,40,39,1535,45498001,2
116,1417723595,361995340,39,40,39,1081,45645001,1
117,1417723595,361995340,28,40,39,1535,45194001,0
117,1417723595,364995301,41,40,41,1256,45364001,0
117,1417723595,364995301,42,40,41,1283,45111001,0
117,1417723595,364995301,33,40,41,1256,45183001,0
117,1417723595,364995301,29,40,41,1256,45418001,0
118,1417723595,364995301,8,40,41,1580,45335001,0
118,1417723595,364995301,16,40,39,1558,45160001,0
118,1417723595,364995301,14,40,37,1098,41086001,0
118,1417723595,364995301,34,40,40,1274,44816001,0
118,1417723595,369995237,31,40,39,1081,44731001,0
119,1417723595,369995237,27,40,39,1065,45172001,0
119,1417723595,369995237,1,40,31,998,44591001,0
119,1417723595,369995237,6,40,38,1148,44558001,0
119,1417723595,369995237,43,40,40,1084,44852001,0
119,1417723595,369995237,48,40,40,1557,45053001,0
120,1417723595,369995237,40,40,40,1557,45248001,0
120,1417723595,369995237,5,40,31,998,45600001,6
120,1417723595,369995237,15,40,39,1033,45380001,0
120,1417723595,375995160,19,40,40,1062,45287001,0
120,1417723595,375995160,26,40,40,1270,42840001,0
121,1417723595,383995057,49,40,41,1256,45432001,2
121,1417723595,385995031,36,40,39,1535,45024001,0
121,1417723595,385995031,12,40,40,1568,44914001,0
121,1417723595,386995018,7,40,38,1029,45022001,0
121,1417723595,386995018,37,40,41,1256,45182001,0
122,1417723595,386995018,3,40,39,1041,45249001,0
122,1417723595,386995018,20,40,40,1568,45777001,0
122,1417723595,386995018,35,40,39,1065,44654001,0
122,1417723595,391994954,50,40,40,1270,45300001,0
122,1417723595,391994954,46,40,41,1283,45269001,0
123,1417723595,391994954,10,40,38,1121,44895001,0
123,1417723595,391994954,30,40,41,1283,45143001,0
123,1417723595,392994941,17,40,37,1087,45394001,0
123,1417723595,392994941,25,40,32,998,45297001,0
123,1417723595,392994941,18,40,39,1166,45852001,6
124,1417723595,392994941,45,40,41,1256,36342001,0
124,1417723595,392994941,38,40,40,1270,45271001,0
124,1417723595,401994825,44,40,39,1536,45114001,0
124,1417723595,401994825,47,40,40,1090,45079001,0
124,1417723595,401994825,2,40,39,1166,45267001,0
125,1417723595,401994825,24,40,40,1568,45233001,0
125,1417723595,401994825,21,40,36,1087,45447001,3
125,1417723595,401994825,22,40,39,1166,45308001,4
125,1417723595,402994812,13,40,36,1087,45146001,0
125,1417723595,403994799,9,40,36,1087,45198001,0
126,1417723595,403994799,23,40,40,1062,43369001,0
126,1417723595,403994799,4,40,40,1568,45295001,0
126,1417723595,406994761,11,40,40,1062,45434001,0
126,1417723595,406994761,32,40,40,1549,45130001,0
126,1417723595,406994761,39,40,39,1081,44948001,0
127,1417723595,406994761,41,40,41,1256,45107001,0
127,1417723595,409994722,42,40,41,1283,44949001,0
127,1417723595,409994722,28,40,40,1549,44937001,0
127,1417723595,409994722,29,40,41,1256,45583001,4
127,1417723595,409994722,33,40,41,1256,44932001,0
128,1417723595,409994722,16,40,39,1558,45415001,0
128,1417723595,409994722,8,40,41,1580,45539001,0
128,1417723595,409994722,14,40,38,1098,45504001,1
128,1417723595,411994696,31,40,39,1081,44138001,0
128,1417723595,414994658,34,40,40,1274,44947001,0
129,1417723595,414994658,27,40,38,1049,44541001,0
129,1417723595,414994658,1,40,32,998,45308001,0
129,1417723595,414994658,48,40,40,1557,44824001,0
129,1417723595,414994658,40,40,40,1557,44330001,0
129,1417723595,414994658,6,40,39,1148,45152001,0
130,1417723595,415994645,5,40,32,998,45140001,0
130,1417723595,415994645,43,40,40,1084,44646001,0
130,1417723595,415994645,15,40,39,1033,45350001,0
130,1417723595,420994580,19,40,40,1062,45221001,0
130,1417723595,420994580,26,40,41,1283,45465001,1
131,1417723595,429994464,3,40,38,1029,45320001,0
131,1417723595,431994439,12,40,40,1568,44864001,0
131,1417723595,431994439,7,40,39,1029,45269001,0
131,1417723595,431994439,37,40,41,1256,45119001,0
131,1417723595,431994439,49,40,41,1256,45038001,0
132,1417723595,431994439,36,40,39,1535,45386001,1
132,1417723595,432994426,20,40,40,1568,39603001,0
132,1417723595,432994426,46,40,40,1274,45083001,0
132,1417723595,437994361,35,40,39,1065,45078001,0
132,1417723595,437994361,50,40,41,1283,45116001,0
133,1417723595,437994361,10,40,39,1121,45032001,0
133,1417723595,437994361,30,40,40,1274,45584001,3
133,1417723595,437994361,17,40,29,998,43983001,0
133,1417723595,437994361,25,40,33,998,43248001,0
133,1417723595,438994349,18,40,39,1166,43180001,0
134,1417723595,438994349,45,40,41,1256,36737001,0
134,1417723595,438994349,38,40,41,1283,45209001,0
134,1417723595,446994246,44,40,39,1536,45228001,0
134,1417723595,446994246,47,40,39,1081,45160001,0
134,1417723595,446994246,2,40,39,1166,45289001,0
135,1417723595,447994233,24,40,40,1568,45228001,0
135,1417723595,447994233,22,40,38,1148,45150001,0
135,1417723595,447994233,21,40,37,1087,45240001,0
135,1417723595,447994233,13,40,37,1087,45046001,0
135,1417723595,448994220,9,40,37,1087,45441001,1
136,1417723595,448994220,23,40,40,1062,46253001,1
136,1417723595,448994220,11,40,40,1062,45141001,0
136,1417723595,451994181,4,40,40,1568,45177001,0
136,1417723595,451994181,32,40,40,1549,45030001,0
136,1417723595,451994181,39,40,39,1081,42739001,0
137,1417723595,451994181,42,40,41,1283,45058001,0
137,1417723595,454994143,28,40,40,1549,45296001,0
137,1417723595,454994143,41,40,41,1256,45018001,0
137,1417723595,454994143,29,40,41,1256,45018001,0
137,1417723595,454994143,33,40,41,1256,45301001,0
138,1417723595,454994143,8,40,41,1580,45340001,0
138,1417723595,455994130,16,40,40,1568,45178001,0
138,1417723595,455994130,14,40,39,1098,41708001,0
138,1417723595,456994117,31,40,39,1081,44821001,0
138,1417723595,459994078,27,40,39,1049,48565001,1
139,1417723595,459994078,34,40,38,1252,44762001,0
139,1417723595,460994065,1,40,33,998,44825001,0
139,1417723595,460994065,48,40,39,1541,45231001,0
139,1417723595,460994065,40,40,39,1541,44842001,0
139,1417723595,460994065,6,40,39,1148,45459001,0
140,1417723595,460994065,5,40,33,998,45564001,1
140,1417723595,460994065,43,40,40,1090,45995001,0
140,1417723595,460994065,19,40,40,1062,45197001,0
140,1417723595,466993988,15,40,39,1033,45251001,0
140,1417723595,466993988,26,40,41,1283,45919001,0
141,1417723595,475993872,3,40,39,1029,45175001,0
141,1417723595,475993872,12,40,40,1568,45184001,0
141,1417723595,475993872,7,40,39,1029,45297001,0
141,1417723595,475993872,36,40,39,1535,45395001,0
141,1417723595,475993872,49,40,41,1256,45249001,0
142,1417723595,475993872,37,40,41,1256,45678001,1
142,1417723595,475993872,20,40,41,1580,45380001,1
142,1417723595,477993846,35,40,39,1065,45214001,0
142,1417723595,482993782,46,40,40,1274,45122001,0
142,1417723595,482993782,50,40,41,1283,45287001,0
143,1417723595,482993782,10,40,37,1098,45430001,1
143,1417723595,482993782,30,40,40,1274,45186001,0
143,1417723595,482993782,25,40,34,998,45094001,0
143,1417723595,482993782,17,40,30,998,45415001,2
143,1417723595,482993782,18,40,39,1166,45194001,0
144,1417723595,482993782,45,40,41,1256,36513001,0
144,1417723595,483993769,38,40,41,1283,45183001,0
144,1417723595,492993653,44,40,39,1536,45313001,0
144,1417723595,492993653,47,40,39,1081,45149001,0
144,1417723595,492993653,2,40,39,1166,45242001,0
145,1417723595,492993653,22,40,39,1148,45297001,0
145,1417723595,492993653,24,40,40,1568,45141001,0
145,1417723595,492993653,21,40,29,998,45635001,1
145,1417723595,492993653,9,40,29,998,45277001,0
145,1417723595,493993640,13,40,29,998,45303001,0
146,1417723595,493993640,23,40,40,1062,45643001,0
146,1417723595,494993628,11,40,40,1062,44859001,0
146,1417723595,496993602,4,40,40,1568,45246001,0
146,1417723595,496993602,32,40,40,1549,45173001,0
146,1417723595,497993589,39,40,39,1075,45328001,1
147,1417723595,497993589,41,40,41,1256,45067001,0
147,1417723595,499993563,42,40,41,1283,45067001,0
147,1417723595,499993563,28,40,40,1549,44913001,0
147,1417723595,500993550,29,40,41,1256,45350001,0
147,1417723595,500993550,33,40,41,1256,45310001,0
148,1417723595,500993550,8,40,41,1588,45299001,0
148,1417723595,500993550,16,40,40,1568,45326001,0
148,1417723595,500993550,14,40,39,1091,45369001,1
148,1417723595,501993537,27,40,39,1049,43890001,0
148,1417723595,504993499,31,40,39,1075,44697001,0
149,1417723595,505993486,34,40,39,1252,44793001,0
149,1417723595,505993486,48,40,39,1541,45208001,0
149,1417723595,505993486,1,40,34,998,44798001,0
149,1417723595,505993486,40,40,39,1541,44950001,0
149,1417723595,505993486,6,40,39,1148,45191001,0
150,1417723595,505993486,5,40,34,998,45808001,7
150,1417723595,505993486,43,40,40,1090,45062001,0
150,1417723595,505993486,15,40,39,1034,45167001,0
150,1417723595,511993409,19,40,38,1041,36321001,0
150,1417723595,511993409,26,40,41,1283,43137001,0
151,1417723595,520993293,12,40,41,1580,45185001,0
151,1417723595,520993293,7,40,39,1033,45279001,0
151,1417723595,520993293,3,40,39,1029,45337001,0
151,1417723595,520993293,49,40,41,1256,45152001,0
151,1417723595,520993293,36,40,40,1549,45277001,0
152,1417723595,520993293,37,40,41,1256,45231001,0
152,1417723595,521993280,20,40,41,1580,45270001,0
152,1417723595,522993267,50,40,41,1283,45209001,0
152,1417723595,527993203,46,40,40,1274,45160001,0
152,1417723595,527993203,35,40,38,1049,44820001,0
153,1417723595,527993203,10,40,38,1098,45400001,3
153,1417723595,528993190,25,40,29,947,45262001,0
153,1417723595,528993190,17,40,31,998,45211001,0
153,1417723595,528993190,30,40,40,1274,45085001,0
153,1417723595,528993190,18,40,38,1148,44993001,0
154,1417723595,528993190,45,40,41,1256,45338001,1
154,1417723595,529993177,38,40,41,1283,45145001,0
154,1417723595,537993074,44,40,39,1535,45215001,0
154,1417723595,537993074,47,40,39,1081,45090001,0
154,1417723595,537993074,21,40,30,998,45029001,0
155,1417723595,537993074,24,40,41,1580,45048001,0
155,1417723595,537993074,22,40,39,1148,45073001,0
155,1417723595,537993074,2,40,38,1148,45027001,0
155,1417723595,537993074,9,40,30,998,45104001,0
155,1417723595,539993048,13,40,30,998,45147001,0
156,1417723595,539993048,23,40,38,1041,45311001,0
156,1417723595,539993048,11,40,38,1041,45445001,2
156,1417723595,542993010,4,40,41,1580,45352001,0
156,1417723595,542993010,32,40,40,1549,45053002,0
156,1417723595,542993010,39,40,39,1075,42926001,0
157,1417723595,542993010,42,40,40,1274,45140001,0
157,1417723595,545992971,28,40,40,1549,45255001,0
157,1417723595,545992971,41,40,41,1256,45118001,0
157,1417723595,545992971,29,40,33,1172,45177001,0
157,1417723595,545992971,33,40,41,1256,45131001,0
158,1417723595,545992971,8,40,41,1588,45256001,0
158,1417723595,545992971,16,40,40,1568,45268001,0
158,1417723595,545992971,14,40,39,1091,45327001,0
158,1417723595,546992958,31,40,39,1075,44745001,0
158,1417723595,550992907,34,40,39,1252,45394001,1
159,1417723595,550992907,48,40,39,1541,44648002,0
159,1417723595,550992907,27,40,39,1056,44936001,0
159,1417723595,550992907,1,40,29,947,45295001,0
159,1417723595,550992907,40,40,39,1541,45297001,0
159,1417723595,550992907,6,40,37,1121,45610001,1
160,1417723595,550992907,5,40,29,947,44254001,0
160,1417723595,550992907,43,40,40,1090,45340001,0
160,1417723595,550992907,15,40,39,1034,45102001,0
160,1417723595,556992829,19,40,39,1041,45413001,2
160,1417723595,556992829,26,40,41,1283,45618001,1
161,1417723595,565992714,3,40,39,1033,45219001,0
161,1417723595,565992714,12,40,41,1580,45048001,0
161,1417723595,566992701,7,40,39,1033,45300001,0
161,1417723595,566992701,36,40,40,1549,45035002,0
161,1417723595,566992701,37,40,41,1256,45249002,0
162,1417723595,566992701,49,40,41,1256,45323001,0
162,1417723595,566992701,20,40,41,1580,39917001,0
162,1417723595,567992688,10,40,39,1098,45302001,0
162,1417723595,572992623,25,40,30,947,44726001,0
162,1417723595,573992611,17,40,32,998,45149001,0
163,1417723595,573992611,35,40,39,1049,44740002,0
163,1417723595,573992611,50,40,41,1283,45584001,0
163,1417723595,573992611,46,40,38,1252,45522001,0
163,1417723595,573992611,30,40,38,1252,45552001,4
163,1417723595,573992611,18,40,39,1148,45191001,0
164,1417723595,573992611,45,40,41,1256,46135001,8
164,1417723595,573992611,38,40,41,1283,45030001,0
164,1417723595,582992495,44,40,39,1535,45103002,0
164,1417723595,582992495,47,40,39,1075,45112002,0
164,1417723595,582992495,2,40,39,1148,45157002,0
165,1417723595,582992495,22,40,39,1148,45079001,0
165,1417723595,583992482,24,40,41,1580,45103001,0
165,1417723595,583992482,21,40,31,998,45009002,0
165,1417723595,583992482,9,40,31,998,45187002,0
165,1417723595,584992469,13,40,31,998,45166001,0
166,1417723595,584992469,23,40,39,1041,45319001,0
166,1417723595,584992469,11,40,39,1041,45297002,0
166,1417723595,587992430,4,40,41,1580,45233001,0
166,1417723595,587992430,32,40,40,1553,45387002,0
166,1417723595,587992430,39,40,39,1075,45595001,1
167,1417723595,587992430,42,40,40,1274,45009002,0
167,1417723595,590992392,28,40,40,1553,45164001,0
167,1417723595,590992392,29,40,34,1172,45310002,2
167,1417723595,590992392,41,40,41,1256,45288001,0
167,1417723595,590992392,33,40,41,1256,45396002,2
168,1417723595,590992392,8,40,41,1588,45431002,0
168,1417723595,590992392,16,40,41,1580,45327001,0
168,1417723595,590992392,14,40,39,1091,45413002,0
168,1417723595,592992366,27,40,39,1056,44771002,0
168,1417723595,595992327,48,40,39,1541,45124001,0
169,1417723595,595992327,31,40,39,1075,44936002,0
169,1417723595,595992327,34,40,39,1249,45210002,0
169,1417723595,595992327,40,40,39,1541,45092002,0
169,1417723595,596992314,1,40,30,947,45295001,0
169,1417723595,596992314,6,40,38,1121,45045002,0
170,1417723595,596992314,5,40,30,947,45409001,1
170,1417723595,596992314,43,40,40,1090,45312002,0
170,1417723595,596992314,19,40,39,1041,45258001,0
170,1417723595,601992250,15,40,39,1034,45415001,0
170,1417723595,601992250,26,40,40,1274,45291002,0
171,1417723595,611992121,3,40,39,1033,45281002,0
171,1417723595,611992121,7,40,39,1033,45320002,0
171,1417723595,611992121,12,40,41,1580,45251002,0
171,1417723595,611992121,37,40,41,1256,44720002,0
171,1417723595,611992121,36,40,40,1549,45139002,0
172,1417723595,611992121,49,40,41,1256,44596002,0
172,1417723595,611992121,20,40,41,1580,39681002,0
172,1417723595,612992108,25,40,31,947,45169002,0
172,1417723595,618992031,17,40,33,998,44828002,0
172,1417723595,618992031,10,40,39,1091,44906002,0
173,1417723595,618992031,50,40,40,1274,45276002,0
173,1417723595,618992031,46,40,39,1252,44502002,0
173,1417723595,618992031,35,40,39,1049,44994002,0
173,1417723595,618992031,30,40,39,1252,45029002,0
173,1417723595,618992031,18,40,39,1148,44922002,0
174,1417723595,618992031,45,40,41,1256,45259002,0
174,1417723595,618992031,38,40,40,1274,44951002,0
174,1417723595,627991915,44,40,39,1535,44980002,0
174,1417723595,627991915,47,40,39,1075,45041002,0
174,1417723595,627991915,24,40,41,1580,45117002,0
175,1417723595,627991915,21,40,32,998,44990002,0
175,1417723595,628991902,2,40,39,1148,45097002,0
175,1417723595,628991902,22,40,37,1121,45025002,0
175,1417723595,628991902,13,40,32,998,45142002,0
175,1417723595,629991890,9,40,32,998,45264002,0
176,1417723595,629991890,23,40,39,1041,43673002,0
176,1417723595,629991890,11,40,39,1041,44546002,0
176,1417723595,632991851,4,40,41,1580,45263002,0
176,1417723595,632991851,32,40,40,1553,45177002,0
176,1417723595,632991851,39,40,39,1065,45467002,2
177,1417723595,632991851,42,40,40,1274,44881002,0
177,1417723595,635991812,28,40,40,1553,44956002,0
177,1417723595,635991812,41,40,41,1256,45289002,0
177,1417723595,635991812,29,40,35,1172,45021002,0
177,1417723595,635991812,33,40,41,1256,45305002,0
178,1417723595,636991799,8,40,41,1605,45346002,0
178,1417723595,636991799,16,40,41,1580,45290002,0
178,1417723595,636991799,14,40,39,1091,45292002,0
178,1417723595,637991787,27,40,39,1056,44903002,0
178,1417723595,640991748,48,40,39,1536,45241002,0
179,1417723595,640991748,31,40,39,1065,45226002,0
179,1417723595,641991735,34,40,39,1249,45052002,0
179,1417723595,641991735,1,40,31,947,44685002,0
179,1417723595,641991735,40,40,39,1536,45490002,4
179,1417723595,641991735,5,40,31,947,45508002,4
180,1417723595,641991735,6,40,39,1121,45467002,6
180,1417723595,641991735,43,40,39,1081,45325002,0
180,1417723595,641991735,19,40,38,1029,45308002,0
180,1417723595,647991658,15,40,39,1041,45216002,0
180,1417723595,647991658,26,40,40,1274,45348002,0
181,1417723595,656991542,3,40,39,1033,45154002,0
181,1417723595,656991542,7,40,39,1033,45177002,0
181,1417723595,656991542,12,40,41,1580,45216002,0
181,1417723595,656991542,37,40,41,1256,44605002,0
181,1417723595,656991542,49,40,41,1256,45041002,0
182,1417723595,656991542,36,40,40,1549,44880002,0
182,1417723595,657991529,20,40,41,1588,39638002,0
182,1417723595,657991529,17,40,34,998,45260002,0
182,1417723595,663991452,10,40,39,1091,45246002,0
182,1417723595,663991452,25,40,32,947,45076002,0
183,1417723595,663991452,46,40,39,1252,45398002,0
183,1417723595,663991452,50,40,40,1274,44812002,0
183,1417723595,663991452,35,40,39,1056,45228002,0
183,1417723595,664991439,18,40,39,1148,45540002,8
183,1417723595,664991439,30,40,39,1252,45316002,0
184,1417723595,664991439,45,40,41,1256,45248002,0
184,1417723595,664991439,38,40,40,1274,45146002,0
184,1417723595,672991336,44,40,40,1549,45249002,0
184,1417723595,673991323,47,40,39,1075,45207002,0
184,1417723595,673991323,21,40,33,998,45123002,0
185,1417723595,673991323,24,40,41,1580,45234002,0
185,1417723595,673991323,22,40,38,1121,45028002,0
185,1417723595,673991323,2,40,39,1148,45072002,0
185,1417723595,673991323,9,40,33,998,45164002,0
185,1417723595,674991310,13,40,33,998,45216002,0
186,1417723595,674991310,23,40,38,1029,45442002,1
186,1417723595,675991297,4,40,41,1580,45315002,0
186,1417723595,677991272,11,40,38,1029,45441002,2
186,1417723595,678991259,32,40,40,1553,45248002,0
186,1417723595,678991259,39,40,39,1065,45134002,0
187,1417723595,678991259,29,40,36,1172,45182002,0
187,1417723595,680991233,41,40,41,1256,45135002,0
187,1417723595,680991233,28,40,40,1553,44936002,0
187,1417723595,681991220,42,40,38,1252,44937002,0
187,1417723595,681991220,33,40,41,1256,45258002,0
188,1417723595,681991220,8,40,41,1605,45319002,0
188,1417723595,681991220,16,40,41,1580,44779002,0
188,1417723595,681991220,14,40,39,1085,41681002,0
188,1417723595,682991207,48,40,39,1536,45222002,0
188,1417723595,686991156,27,40,40,1073,44750002,0
189,1417723595,686991156,34,40,39,1249,45307002,0
189,1417723595,686991156,31,40,39,1065,45283002,0
189,1417723595,686991156,1,40,32,947,44744002,0
189,1417723595,686991156,40,40,39,1536,45388002,0
189,1417723595,686991156,6,40,37,1098,45809002,1
190,1417723595,686991156,5,40,32,947,45709002,3
190,1417723595,686991156,43,40,39,1081,45303002,0
190,1417723595,686991156,15,40,39,1041,45480002,0
190,1417723595,692991078,19,40,39,1029,45359002,0
190,1417723595,692991078,26,40,40,1274,43702002,0
191,1417723595,701990963,7,40,39,1034,45218002,0
191,1417723595,701990963,3,40,39,1033,45373002,0
191,1417723595,701990963,12,40,41,1588,45321002,0
191,1417723595,701990963,49,40,41,1256,44724002,0
191,1417723595,702990950,37,40,41,1256,44868002,0
192,1417723595,702990950,20,40,41,1588,45620002,7
192,1417723595,702990950,36,40,40,1553,44727002,0
192,1417723595,702990950,25,40,33,947,45233002,0
192,1417723595,708990872,17,40,29,947,44710002,0
192,1417723595,708990872,10,40,39,1091,44982002,0
193,1417723595,709990860,35,40,39,1056,45281002,0
193,1417723595,709990860,50,40,40,1274,44963002,0
193,1417723595,709990860,46,40,39,1249,44541002,0
193,1417723595,709990860,18,40,37,1121,45091002,0
193,1417723595,709990860,30,40,39,1249,45220002,0
194,1417723595,709990860,45,40,41,1256,45201002,0
194,1417723595,709990860,47,40,39,1065,45092002,0
194,1417723595,718990744,38,40,40,1274,45026002,0
194,1417723595,718990744,44,40,40,1549,45075002,0
194,1417723595,718990744,21,40,34,998,45026002,0
195,1417723595,718990744,24,40,41,1588,45176002,0
195,1417723595,718990744,2,40,37,1121,45109002,0
195,1417723595,718990744,22,40,39,1121,45106002,0
195,1417723595,718990744,13,40,34,998,45236002,0
195,1417723595,720990718,9,40,34,998,45164002,0
196,1417723595,720990718,23,40,39,1029,45313002,0
196,1417723595,720990718,4,40,41,1588,45336002,0
196,1417723595,723990679,11,40,39,1029,45289002,0
196,1417723595,723990679,32,40,39,1550,45092002,0
196,1417723595,723990679,39,40,39,1065,45120002,0
197,1417723595,723990679,41,40,41,1256,45052002,0
197,1417723595,726990641,42,40,39,1252,45097002,0
197,1417723595,726990641,29,40,37,1172,44990002,0
197,1417723595,726990641,28,40,39,1550,45159002,0
197,1417723595,726990641,33,40,41,1256,45192002,0
198,1417723595,726990641,16,40,41,1580,45446002,2
198,1417723595,726990641,8,40,41,1605,45356002,0
198,1417723595,726990641,14,40,39,1085,45548002,1
198,1417723595,728990615,34,40,39,1249,44874002,0
198,1417723595,731990576,31,40,39,1065,45158002,0
199,1417723595,731990576,48,40,39,1536,44988002,0
199,1417723595,731990576,27,40,40,1073,44931002,0
199,1417723595,731990576,40,40,39,1536,45278002,0
199,1417723595,731990576,1,40,33,947,44809002,0
199,1417723595,731990576,6,40,38,1098,44736002,0
200,1417723595,732990563,5,40,33,947,44609002,0
200,1417723595,732990563,43,40,39,1081,45326002,0
200,1417723595,732990563,19,40,39,1029,45301002,0
200,1417723595,737990499,15,40,39,1041,45220002,0
200,1417723595,737990499,26,40,38,1252,45431002,1
201,1417723595,746990383,3,40,39,1034,45248002,0
201,1417723595,747990370,7,40,39,1034,44621002,0
201,1417723595,747990370,12,40,41,1588,45255002,0
201,1417723595,747990370,37,40,41,1256,45122002,0
201,1417723595,747990370,49,40,41,1256,44787002,0
202,1417723595,747990370,20,40,41,1588,42910002,0
202,1417723595,747990370,36,40,40,1553,44954002,0
202,1417723595,747990370,10,40,39,1091,44616002,0
202,1417723595,754990280,17,40,30,947,45233002,0
202,1417723595,754990280,35,40,39,1056,44828002,0
203,1417723595,754990280,46,40,39,1249,44828002,0
203,1417723595,754990280,50,40,38,1252,44597002,0
203,1417723595,754990280,25,40,34,947,44583002,0
203,1417723595,754990280,30,40,39,1249,45125002,0
203,1417723595,754990280,45,40,41,1256,45550002,8
204,1417723595,754990280,18,40,38,1121,44771002,0
204,1417723595,754990280,38,40,38,1252,45228002,0
204,1417723595,763990164,44,40,40,1549,45187002,0
204,1417723595,763990164,47,40,39,1065,45269002,0
204,1417723595,763990164,21,40,29,947,45168002,0
205,1417723595,764990151,22,40,37,1098,45184002,0
205,1417723595,764990151,2,40,38,1121,44973002,0
205,1417723595,764990151,24,40,41,1588,45090002,0
205,1417723595,764990151,9,40,29,947,43965002,0
205,1417723595,765990139,13,40,29,947,45286002,0
206,1417723595,765990139,23,40,39,1029,45263002,0
206,1417723595,765990139,11,40,39,1029,45221002,0
206,1417723595,768990100,4,40,41,1588,45274002,0
206,1417723595,768990100,32,40,39,1550,45070002,0
206,1417723595,768990100,39,40,39,1065,45503002,1
207,1417723595,768990100,41,40,41,1256,45445002,0
207,1417723595,771990061,29,40,38,1172,45073002,0
207,1417723595,771990061,42,40,39,1252,45403002,0
207,1417723595,771990061,28,40,39,1550,45216002,0
207,1417723595,771990061,33,40,41,1256,45493002,0
208,1417723595,772990049,16,40,41,1588,45314002,0
208,1417723595,772990049,8,40,41,1615,45266002,0
208,1417723595,772990049,14,40,39,1085,42116002,0
208,1417723595,773990036,27,40,40,1073,45086002,0
208,1417723595,776989997,48,40,39,1535,45230002,0
209,1417723595,776989997,34,40,39,1241,44773002,0
209,1417723595,776989997,31,40,39,1065,44958002,0
209,1417723595,776989997,40,40,39,1535,45320002,0
209,1417723595,777989984,1,40,34,947,45146002,0
209,1417723595,777989984,6,40,39,1098,45700002,6
210,1417723595,777989984,5,40,34,947,45807002,4
210,1417723595,777989984,43,40,39,1075,39823002,0
210,1417723595,777989984,15,40,39,1047,45364002,0
210,1417723595,783989907,19,40,39,1033,45303002,0
210,1417723595,783989907,26,40,39,1252,45325002,0
211,1417723595,791989804,3,40,39,1034,45332002,0
211,1417723595,793989778,7,40,39,1034,44823002,0
211,1417723595,793989778,37,40,41,1256,44864002,0
211,1417723595,793989778,49,40,41,1256,45440002,3
211,1417723595,794989765,20,40,41,1605,45406002,4
212,1417723595,794989765,36,40,40,1553,45463002,6
212,1417723595,794989765,12,40,41,1588,45378002,0
212,1417723595,797989727,17,40,31,947,44758002,0
212,1417723595,798989714,10,40,39,1085,44622002,0
212,1417723595,798989714,46,40,39,1249,44989000,0
213,1417723595,799989701,35,40,40,1073,44699000,0
213,1417723595,799989701,50,40,39,1252,44894000,0
213,1417723595,799989701,30,40,39,1249,45199000,0
213,1417723595,799989701,25,40,35,947,44939002,0
213,1417723595,800989688,45,40,41,1256,45027000,0
214,1417723595,800989688,18,40,39,1121,45476002,0
214,1417723595,800989688,38,40,39,1252,45210000,0
214,1417723595,810989559,47,40,39,1065,45038000,0
214,1417723595,810989559,44,40,40,1549,45103000,0
214,1417723595,810989559,21,40,30,947,45260002,0
215,1417723595,810989559,22,40,38,1098,45211002,0
215,1417723595,810989559,2,40,39,1121,45311002,0
215,1417723595,810989559,24,40,41,1588,45949002,0
215,1417723595,810989559,9,40,30,947,46009002,3
215,1417723595,810989559,13,40,30,947,44035002,0
216,1417723595,811989546,23,40,39,1033,45277002,0
216,1417723595,811989546,39,40,38,1049,44964000,0
216,1417723595,815989495,32,40,39,1550,44988000,0
216,1417723595,815989495,4,40,41,1588,45570000,0
216,1417723595,815989495,11,40,39,1033,45474000,0
217,1417723595,815989495,28,40,39,1550,44861000,0
217,1417723595,818989456,42,40,39,1249,44977000,0
217,1417723595,818989456,33,40,41,1256,45154000,0
217,1417723595,818989456,41,40,41,1256,45219000,0
217,1417723595,818989456,29,40,39,1172,44912000,0
218,1417723595,818989456,8,40,41,1615,45248000,0
218,1417723595,818989456,16,40,41,1588,45272000,0
218,1417723595,818989456,14,40,39,1084,42082000,0
218,1417723595,820989431,48,40,39,1535,45111000,0
218,1417723595,823989392,34,40,39,1241,45125000,0
219,1417723595,823989392,27,40,40,1073,45192000,0
219,1417723595,823989392,31,40,38,1049,44830000,0
219,1417723595,823989392,1,40,35,947,45225000,0
219,1417723595,823989392,40,40,39,1535,45096000,0
219,1417723595,823989392,6,40,39,1091,45191000,0
220,1417723595,823989392,5,40,35,947,45205000,0
220,1417723595,823989392,43,40,39,1075,39915000,0
220,1417723595,823989392,15,40,39,1047,45334000,0
220,1417723595,829989315,19,40,39,1033,45194000,0
220,1417723595,829989315,26,40,39,1252,43621000,0
221,1417723595,838989199,7,40,39,1041,44478000,0
221,1417723595,838989199,3,40,39,1034,44988000,0
221,1417723595,839989186,20,40,41,1605,45047000,0
221,1417723595,839989186,49,40,41,1256,45186000,0
221,1417723595,839989186,37,40,41,1256,44945000,0
222,1417723595,839989186,36,40,39,1550,45271000,0
222,1417723595,839989186,12,40,41,1605,45574000,0
222,1417723595,844989122,10,40,39,1085,45218000,0
222,1417723595,844989122,17,40,32,947,44752000,0
222,1417723595,845989109,50,40,39,1252,45162000,0
223,1417723595,846989096,35,40,40,1073,44610000,0
223,1417723595,846989096,46,40,39,1249,44494000,0
223,1417723595,846989096,30,40,39,1249,45052000,0
223,1417723595,846989096,25,40,36,947,44705000,0
223,1417723595,846989096,45,40,41,1256,45322000,3
224,1417723595,846989096,18,40,37,1098,45681000,7
224,1417723595,846989096,38,40,39,1252,45135000,0
224,1417723595,855988980,44,40,40,1553,45308000,0
224,1417723595,855988980,47,40,39,1065,45222000,0
224,1417723595,855988980,21,40,31,947,45040000,0
225,1417723595,855988980,2,40,37,1098,45547000,2
225,1417723595,855988980,22,40,39,1098,44410000,0
225,1417723595,856988967,24,40,41,1605,45058000,0
225,1417723595,856988967,9,40,31,947,45011000,0
225,1417723595,856988967,13,40,31,947,45329000,3
226,1417723595,856988967,23,40,39,1033,43610000,0
226,1417723595,858988941,32,40,38,1536,45062000,0
226,1417723595,860988916,39,40,39,1049,45061000,0
226,1417723595,860988916,4,40,41,1605,45152000,0
226,1417723595,860988916,11,40,39,1033,44431000,0
227,1417723595,860988916,42,40,39,1249,45152000,0
227,1417723595,863988877,28,40,38,1536,45016000,0
227,1417723595,863988877,33,40,41,1256,45078000,0
227,1417723595,863988877,29,40,39,1172,46332000,0
227,1417723595,863988877,41,40,41,1256,46142000,0
228,1417723595,863988877,8,40,41,1615,46146000,2
228,1417723595,863988877,16,40,41,1588,46201000,2
228,1417723595,863988877,14,40,39,1084,45384000,1
228,1417723595,865988851,34,40,39,1241,45358000,0
228,1417723595,868988813,31,40,39,1049,44879000,0
229,1417723595,868988813,48,40,39,1535,45375000,0
229,1417723595,868988813,27,40,40,1074,45189000,0
229,1417723595,868988813,1,40,36,947,45395000,2
229,1417723595,869988800,40,40,39,1535,45432000,0
229,1417723595,869988800,6,40,39,1091,45125000,0
230,1417723595,869988800,5,40,36,947,45162000,0
230,1417723595,869988800,43,40,39,1075,45451000,1
230,1417723595,869988800,19,40,39,1033,45188000,0
230,1417723595,874988735,15,40,39,1047,45301000,0
230,1417723595,874988735,26,40,39,1249,45556000,1
231,1417723595,884988607,7,40,39,1041,45062000,0
231,1417723595,884988607,3,40,39,1041,45195000,0
231,1417723595,884988607,20,40,41,1605,44976000,0
231,1417723595,884988607,49,40,41,1256,44287000,0
231,1417723595,884988607,37,40,33,1172,44800000,0
232,1417723595,884988607,36,40,39,1550,45269000,0
232,1417723595,884988607,12,40,41,1605,45181000,0
232,1417723595,889988542,10,40,39,1085,44121000,0
232,1417723595,889988542,17,40,33,947,45403000,0
232,1417723595,891988516,35,40,40,1073,44672000,0
233,1417723595,891988516,25,40,37,947,45456000,4
233,1417723595,891988516,46,40,39,1241,45132000,0
233,1417723595,891988516,50,40,39,1249,44594000,0
233,1417723595,891988516,45,40,41,1256,44899000,0
233,1417723595,891988516,30,40,39,1241,45015000,0
234,1417723595,891988516,18,40,38,1098,45743000,0
234,1417723595,891988516,47,40,38,1049,45090000,0
234,1417723595,900988401,38,40,39,1249,45147000,0
234,1417723595,900988401,44,40,40,1553,45090000,0
234,1417723595,900988401,22,40,39,1091,45447000,2
235,1417723595,901988388,21,40,32,947,45274000,0
235,1417723595,901988388,2,40,38,1098,45308000,0
235,1417723595,901988388,24,40,41,1605,45030000,0
235,1417723595,901988388,9,40,32,947,45157000,0
235,1417723595,901988388,13,40,32,947,45182000,0
236,1417723595,901988388,23,40,39,1033,43137000,0
236,1417723595,903988362,32,40,39,1536,45182000,0
236,1417723595,905988336,39,40,39,1049,44923000,0
236,1417723595,905988336,11,40,39,1033,42526000,0
236,1417723595,905988336,4,40,41,1605,45591000,0
237,1417723595,906988323,28,40,39,1536,45161000,0
237,1417723595,908988298,33,40,41,1256,44971000,0
237,1417723595,908988298,42,40,39,1249,44236000,0
237,1417723595,908988298,29,40,39,1172,45155000,0
237,1417723595,909988285,41,40,41,1256,44804000,0
238,1417723595,909988285,8,40,41,1615,45309000,0
238,1417723595,909988285,16,40,41,1605,45118000,0
238,1417723595,909988285,14,40,39,1084,41960000,0
238,1417723595,910988272,31,40,39,1049,44737000,0
238,1417723595,913988233,34,40,39,1237,44807000,0
239,1417723595,913988233,48,40,40,1549,44943000,0
239,1417723595,913988233,27,40,40,1074,45041000,0
239,1417723595,914988220,1,40,37,947,45320000,0
239,1417723595,914988220,40,40,40,1549,45188000,0
239,1417723595,914988220,6,40,39,1091,45501000,5
240,1417723595,914988220,5,40,37,947,45436000,7
240,1417723595,914988220,43,40,39,1065,45167000,0
240,1417723595,914988220,15,40,39,1047,45296000,0
240,1417723595,920988143,19,40,39,1033,45266000,0
240,1417723595,920988143,26,40,39,1249,43646000,0
241,1417723595,929988027,3,40,39,1041,45209000,0
241,1417723595,929988027,7,40,39,1041,45267000,0
241,1417723595,929988027,20,40,41,1615,44828000,0
241,1417723595,929988027,37,40,34,1172,45080000,0
241,1417723595,929988027,49,40,33,1172,45151000,0
242,1417723595,929988027,36,40,39,1550,45337000,0
242,1417723595,930988014,12,40,41,1605,45232000,0
242,1417723595,934987963,10,40,39,1084,45129000,0
242,1417723595,934987963,17,40,34,947,44338000,0
242,1417723595,935987950,25,40,38,947,45048000,0
243,1417723595,935987950,50,40,39,1249,44789000,0
243,1417723595,936987937,46,40,39,1241,44813000,0
243,1417723595,936987937,35,40,40,1073,45080000,0
243,1417723595,936987937,30,40,39,1241,45412000,0
243,1417723595,936987937,45,40,41,1256,45501000,4
244,1417723595,936987937,18,40,39,1098,45264000,0
244,1417723595,937987924,44,40,40,1553,45107000,0
244,1417723595,946987808,47,40,39,1049,45122000,0
244,1417723595,946987808,38,40,39,1249,45061000,0
244,1417723595,946987808,22,40,39,1091,45672000,1
245,1417723595,946987808,2,40,39,1098,45401000,0
245,1417723595,946987808,21,40,33,947,45390000,0
245,1417723595,946987808,24,40,41,1605,45825000,3
245,1417723595,946987808,9,40,33,947,45826000,3
245,1417723595,946987808,13,40,33,947,46044000,3
246,1417723595,947987795,23,40,39,1033,42088000,0
246,1417723595,947987795,39,40,39,1056,45040000,0
246,1417723595,951987744,32,40,39,1536,45357000,0
246,1417723595,951987744,4,40,41,1605,45059000,0
246,1417723595,951987744,11,40,39,1033,45638000,4
247,1417723595,951987744,28,40,39,1536,45216000,0
247,1417723595,953987718,33,40,41,1256,45181000,0
247,1417723595,954987705,42,40,39,1249,45619000,3
247,1417723595,954987705,29,40,39,1172,45247000,0
247,1417723595,954987705,41,40,41,1256,45130000,0
248,1417723595,954987705,8,40,41,1620,45218000,0
248,1417723595,954987705,16,40,41,1605,45198000,0
248,1417723595,954987705,14,40,39,1081,45435000,1
248,1417723595,955987692,31,40,39,1056,44736000,0
248,1417723595,958987654,48,40,40,1549,45296000,0
249,1417723595,959987641,34,40,39,1237,45208000,0
249,1417723595,959987641,27,40,40,1074,45143000,0
249,1417723595,959987641,40,40,40,1549,45284000,0
249,1417723595,959987641,1,40,38,947,45450000,2
249,1417723595,959987641,6,40,39,1091,45187000,0
250,1417723595,959987641,5,40,38,947,45109000,0
250,1417723595,959987641,43,40,39,1065,45341000,0
250,1417723595,959987641,15,40,39,1037,45079000,0
250,1417723595,965987564,19,40,39,1034,45252000,0
250,1417723595,965987564,26,40,39,1249,45592000,1
251,1417723595,974987448,20,40,41,1615,45302000,0
251,1417723595,974987448,3,40,39,1041,44935000,0
251,1417723595,974987448,7,40,39,1047,45016000,0
251,1417723595,974987448,37,40,35,1172,44952000,0
251,1417723595,974987448,49,40,34,1172,44915000,0
252,1417723595,975987435,36,40,38,1536,45236000,0
252,1417723595,975987435,12,40,41,1615,43676000,0
252,1417723595,979987383,17,40,35,947,45160000,0
252,1417723595,979987383,10,40,39,1084,45083000,0
252,1417723595,980987371,25,40,39,947,45152000,0
253,1417723595,980987371,35,40,40,1074,44906000,0
253,1417723595,981987358,50,40,39,1249,44918000,0
253,1417723595,981987358,46,40,39,1241,44985000,0
253,1417723595,981987358,45,40,41,1256,44902000,0
253,1417723595,981987358,30,40,39,1241,44873000,0
254,1417723595,982987345,18,40,39,1091,45107000,0
254,1417723595,982987345,44,40,39,1550,45093000,0
254,1417723595,991987229,47,40,39,1049,45132000,0
254,1417723595,991987229,38,40,39,1249,45161000,0
254,1417723595,991987229,2,40,39,1091,44515000,0
255,1417723595,991987229,21,40,34,947,44619000,0
255,1417723595,991987229,22,40,39,1091,45443000,0
255,1417723595,991987229,9,40,34,947,44999000,0
255,1417723595,991987229,13,40,34,947,45200000,0
255,1417723595,991987229,24,40,41,1615,45119000,0
256,1417723595,993987203,23,40,39,1034,43069000,0
256,1417723595,993987203,32,40,39,1536,45277000,0
256,1417723595,996987165,39,40,39,1056,44673000,0
256,1417723595,996987165,4,40,41,1615,45561000,2
256,1417723595,996987165,11,40,39,1034,45395000,0
257,1417723595,996987165,33,40,41,1256,45022000,0
257,1417723596,0,28,40,39,1536,45315000,0
257,1417723596,0,42,40,39,1241,45323000,0
257,1417723596,0,29,40,39,1172,45306000,0
257,1417723596,0,41,40,41,1256,45240000,0
258,1417723596,0,8,40,41,1620,45016000,0
258,1417723596,0,16,40,41,1605,45176000,0
258,1417723596,0,14,40,39,1081,45340000,0
258,1417723596,1999975,27,40,40,1074,44815000,0
258,1417723596,4999936,31,40,39,1056,45062000,0
259,1417723596,4999936,34,40,39,1237,45172000,0
259,1417723596,4999936,48,40,40,1549,45295000,0
259,1417723596,4999936,40,40,40,1549,45403000,2
259,1417723596,4999936,6,40,39,1085,45254000,0
259,1417723596,4999936,1,40,39,947,45323000,0
260,1417723596,4999936,5,40,39,947,45634000,7
260,1417723596,4999936,43,40,39,1065,39810000,0
260,1417723596,4999936,15,40,39,1037,45853000,0
260,1417723596,11999846,19,40,39,1034,45833000,0
260,1417723596,11999846,26,40,39,1249,43847000,0
261,1417723596,19999743,7,40,39,1047,45118000,0
261,1417723596,20999730,20,40,41,1615,45162000,0
261,1417723596,20999730,3,40,39,1047,45146000,0
261,1417723596,20999730,49,40,35,1172,45156000,0
261,1417723596,20999730,37,40,36,1172,44921000,0
262,1417723596,20999730,36,40,39,1536,45299000,0
262,1417723596,20999730,12,40,41,1615,45388000,1
262,1417723596,25999666,10,40,39,1084,45100000,0
262,1417723596,25999666,25,40,39,947,45040000,0
262,1417723596,25999666,17,40,36,947,45136000,0
263,1417723596,25999666,50,40,39,1249,44403000,0
263,1417723596,26999653,46,40,39,1237,45236000,0
263,1417723596,27999640,35,40,40,1074,43980000,0
263,1417723596,27999640,45,40,41,1256,45129000,0
263,1417723596,27999640,30,40,39,1237,44952000,0
264,1417723596,27999640,18,40,39,1091,45275000,0
264,1417723596,27999640,38,40,39,1249,45128000,0
264,1417723596,36999524,47,40,39,1056,45161000,0
264,1417723596,36999524,44,40,39,1550,45268000,0
264,1417723596,36999524,21,40,35,947,44603000,0
265,1417723596,36999524,22,40,39,1091,45313000,0
265,1417723596,36999524,2,40,39,1091,44795000,0
265,1417723596,37999511,9,40,35,947,44983000,0
265,1417723596,37999511,13,40,35,947,45235000,0
265,1417723596,37999511,24,40,41,1615,45770000,1
266,1417723596,38999498,23,40,39,1034,42577000,0
266,1417723596,38999498,32,40,39,1534,45290000,0
266,1417723596,41999460,39,40,39,1056,44755000,0
266,1417723596,41999460,11,40,39,1034,45356000,2
266,1417723596,41999460,4,40,41,1615,45292000,0
267,1417723596,41999460,33,40,41,1256,45005000,0
267,1417723596,44999421,42,40,39,1241,45229000,0
267,1417723596,44999421,28,40,39,1534,45332000,0
267,1417723596,44999421,29,40,39,1172,45263000,0
267,1417723596,44999421,41,40,33,1172,45199000,0
268,1417723596,44999421,16,40,41,1615,45142000,0
268,1417723596,44999421,8,40,41,1620,45108000,0
268,1417723596,45999408,14,40,39,1081,45294000,0
268,1417723596,46999395,34,40,39,1245,45195000,0
268,1417723596,49999357,31,40,39,1056,44950000,0
269,1417723596,49999357,48,40,40,1549,45267000,0
269,1417723596,49999357,27,40,40,1074,44876000,0
269,1417723596,49999357,40,40,40,1549,45276000,0
269,1417723596,49999357,6,40,39,1085,45333000,0
269,1417723596,49999357,1,40,39,947,45136000,0
270,1417723596,49999357,5,40,39,947,45287000,0
270,1417723596,50999344,43,40,39,1065,39875000,0
270,1417723596,50999344,19,40,39,1034,44800000,0
270,1417723596,56999267,15,40,39,1037,44878000,0
270,1417723596,56999267,26,40,39,1241,45531000,1
271,1417723596,65999151,7,40,39,1047,45133000,0
271,1417723596,65999151,20,40,41,1615,45208000,0
271,1417723596,65999151,3,40,39,1047,45196000,0
271,1417723596,65999151,37,40,37,1172,44842000,0
271,1417723596,65999151,49,40,36,1172,45045000,0
272,1417723596,65999151,36,40,39,1536,41167000,0
272,1417723596,66999138,12,40,41,1615,45276000,0
272,1417723596,70999086,10,40,39,1081,45206000,0
272,1417723596,70999086,25,40,39,947,44655000,0
272,1417723596,70999086,17,40,37,947,44464000,0
273,1417723596,70999086,50,40,39,1241,45097000,0
273,1417723596,72999061,46,40,39,1237,45028000,0
273,1417723596,72999061,45,40,41,1256,45248000,0
273,1417723596,72999061,30,40,39,1237,45495000,4
273,1417723596,72999061,35,40,40,1074,45457000,0
274,1417723596,72999061,18,40,39,1091,45391000,0
274,1417723596,72999061,47,40,39,1056,45116000,0
274,1417723596,81998945,44,40,39,1550,45130000,0
274,1417723596,81998945,38,40,39,1241,45160000,0
274,1417723596,81998945,2,40,39,1091,45016000,0
275,1417723596,82998932,22,40,39,1085,45128000,0
275,1417723596,82998932,9,40,36,947,45043000,0
275,1417723596,82998932,21,40,36,947,45046000,0
275,1417723596,82998932,13,40,36,947,44941000,0
275,1417723596,82998932,24,40,41,1615,45161000,0
276,1417723596,83998919,23,40,39,1034,45435000,1
276,1417723596,83998919,32,40,39,1534,45285000,0
276,1417723596,86998880,39,40,40,1073,44823000,0
276,1417723596,86998880,11,40,39,1034,45141000,0
276,1417723596,86998880,4,40,41,1615,45521000,2
277,1417723596,87998868,33,40,41,1256,45161000,0
277,1417723596,89998842,28,40,39,1534,45239000,0
277,1417723596,89998842,42,40,39,1241,45160000,0
277,1417723596,89998842,41,40,34,1172,45330000,0
277,1417723596,90998829,29,40,39,1172,45311000,0
278,1417723596,90998829,16,40,41,1615,45405000,2
278,1417723596,90998829,8,40,41,1620,45613000,0
278,1417723596,90998829,14,40,39,1081,45250000,0
278,1417723596,91998816,27,40,40,1074,45001000,0
278,1417723596,94998777,48,40,40,1553,45273000,0
279,1417723596,94998777,34,40,39,1245,44898000,0
279,1417723596,94998777,31,40,40,1073,45197000,0
279,1417723596,95998765,40,40,40,1553,45241000,0
279,1417723596,95998765,6,40,39,1085,45247000,0
279,1417723596,95998765,1,40,39,947,45377000,0
280,1417723596,95998765,5,40,39,947,45301000,0
280,1417723596,95998765,43,40,38,1049,45550000,1
280,1417723596,96998752,15,40,39,1029,45230000,0
280,1417723596,101998687,19,40,39,1041,45262000,0
280,1417723596,101998687,26,40,39,1241,45295000,0
281,1417723596,110998571,7,40,39,1047,45232000,0
281,1417723596,110998571,20,40,41,1620,45296000,0
281,1417723596,110998571,3,40,39,1047,45261000,0
281,1417723596,111998559,37,40,38,1172,45073000,0
281,1417723596,111998559,49,40,37,1172,45550000,4
282,1417723596,111998559,36,40,39,1536,45440000,5
282,1417723596,111998559,12,40,41,1615,43582000,0
282,1417723596,115998507,10,40,39,1081,45031000,0
282,1417723596,115998507,25,40,39,947,45218000,0
282,1417723596,115998507,17,40,38,947,44957000,0
283,1417723596,116998494,50,40,39,1241,44944000,0
283,1417723596,117998481,46,40,39,1237,44948000,0
283,1417723596,117998481,45,40,33,1172,44846000,0
283,1417723596,117998481,35,40,40,1074,44910000,0
283,1417723596,117998481,30,40,39,1237,44450000,0
284,1417723596,117998481,18,40,39,1091,45340000,0
284,1417723596,118998468,38,40,39,1241,45198000,0
284,1417723596,127998353,47,40,39,1056,45055000,0
284,1417723596,127998353,44,40,38,1536,45056000,0
284,1417723596,127998353,22,40,39,1085,44963000,0
285,1417723596,127998353,2,40,39,1091,45074000,0
285,1417723596,127998353,9,40,37,947,45031000,0
285,1417723596,127998353,21,40,37,947,45464000,3
285,1417723596,127998353,13,40,37,947,45428000,5
285,1417723596,127998353,24,40,41,1615,45211000,0
286,1417723596,127998353,23,40,39,1041,45355000,0
286,1417723596,130998314,32,40,39,1534,44782000,0
286,1417723596,132998288,39,40,40,1073,44648000,0
286,1417723596,132998288,11,40,39,1041,45144000,0
286,1417723596,132998288,4,40,41,1615,45315000,0
287,1417723596,132998288,33,40,33,1172,45145000,0
287,1417723596,135998250,28,40,39,1534,45341000,0
287,1417723596,135998250,42,40,39,1237,45221000,0
287,1417723596,135998250,29,40,39,1172,45302000,0
287,1417723596,135998250,41,40,35,1172,45330000,0
288,1417723596,135998250,16,40,41,1615,44660000,0
288,1417723596,135998250,8,40,41,1620,45132000,0
288,1417723596,135998250,14,40,38,1069,41778000,0
288,1417723596,136998237,34,40,39,1245,44647000,0
288,1417723596,139998198,31,40,40,1073,45113000,0
289,1417723596,140998185,48,40,40,1553,45031001,0
289,1417723596,140998185,27,40,39,1062,44859001,0
289,1417723596,140998185,40,40,40,1553,45086000,0
289,1417723596,140998185,6,40,39,1084,45037000,0
289,1417723596,140998185,1,40,39,947,44932000,0
290,1417723596,141998172,5,40,39,947,45160001,0
290,1417723596,141998172,43,40,39,1049,45396000,0
290,1417723596,141998172,15,40,39,1029,45376000,0
290,1417723596,147998095,19,40,39,1041,45115000,0
290,1417723596,147998095,26,40,39,1241,45436000,0
291,1417723596,156997979,3,40,39,1047,45083000,0
291,1417723596,156997979,20,40,41,1620,45057001,0
291,1417723596,156997979,7,40,39,1037,45170000,0
291,1417723596,156997979,49,40,38,1172,44871001,0
291,1417723596,156997979,37,40,39,1172,44901001,0
292,1417723596,156997979,36,40,39,1534,45462000,1
292,1417723596,156997979,12,40,41,1620,43827000,0
292,1417723596,160997928,25,40,32,871,45172001,0
292,1417723596,161997915,17,40,39,947,45330000,0
292,1417723596,161997915,10,40,39,1081,45267000,0
293,1417723596,161997915,50,40,39,1241,44916001,0
293,1417723596,162997902,46,40,39,1245,45108000,0
293,1417723596,162997902,45,40,34,1172,45387000,2
293,1417723596,162997902,35,40,40,1074,45099001,0
293,1417723596,163997889,30,40,39,1245,45409001,0
294,1417723596,163997889,18,40,39,1085,45991001,1
294,1417723596,163997889,44,40,39,1536,45231001,0
294,1417723596,172997773,38,40,39,1241,45299001,0
294,1417723596,172997773,47,40,40,1073,45198001,0
294,1417723596,172997773,21,40,38,947,44770000,0
295,1417723596,172997773,9,40,38,947,45142001,0
295,1417723596,172997773,2,40,39,1085,44848001,0
295,1417723596,172997773,22,40,39,1085,45199000,0
295,1417723596,173997760,24,40,41,1620,45497001,5
295,1417723596,173997760,13,40,38,947,44997000,0
296,1417723596,173997760,23,40,39,1041,45318000,0
296,1417723596,175997735,39,40,40,1073,44761001,0
296,1417723596,177997709,32,40,39,1543,45510001,2
296,1417723596,177997709,4,40,41,1620,45294001,0
296,1417723596,177997709,11,40,39,1041,45109001,0
297,1417723596,177997709,42,40,39,1237,45071001,0
297,1417723596,180997670,28,40,39,1543,45292001,0
297,1417723596,180997670,33,40,34,1172,45076001,0
297,1417723596,180997670,29,40,39,1172,45155001,0
297,1417723596,180997670,41,40,36,1172,45215001,0
298,1417723596,180997670,16,40,41,1615,45184001,0
298,1417723596,180997670,8,40,41,1620,45320000,0
298,1417723596,180997670,14,40,39,1069,41998001,0
298,1417723596,182997644,31,40,40,1073,45121001,0
298,1417723596,185997606,48,40,40,1553,45090001,0
299,1417723596,185997606,34,40,39,1245,44659001,0
299,1417723596,185997606,27,40,39,1062,44987001,0
299,1417723596,185997606,40,40,40,1553,45307001,0
299,1417723596,185997606,6,40,39,1084,44871000,0
299,1417723596,185997606,1,40,32,871,45098001,0
300,1417723596,185997606,5,40,32,871,43801001,0
300,1417723596,185997606,43,40,39,1049,45460001,0
300,1417723596,187997580,15,40,39,1029,45483000,0
300,1417723596,192997516,19,40,39,1041,45473001,0
300,1417723596,192997516,26,40,39,1237,45270001,0
301,1417723596,201997400,7,40,39,1037,45280001,0
301,1417723596,201997400,3,40,39,1037,45649001,1
301,1417723596,201997400,20,40,41,1620,45161001,0
301,1417723596,201997400,49,40,39,1172,44806000,0
301,1417723596,201997400,37,40,39,1172,44944001,0
302,1417723596,201997400,36,40,39,1534,45184001,0
302,1417723596,201997400,12,40,41,1620,45478001,1
302,1417723596,206997335,50,40,39,1237,45044001,0
302,1417723596,206997335,46,40,39,1245,44466001,0
302,1417723596,206997335,45,40,35,1172,45172001,0
303,1417723596,207997323,17,40,39,947,45570000,0
303,1417723596,208997310,10,40,39,1081,45459001,0
303,1417723596,208997310,25,40,33,871,45737001,0
303,1417723596,208997310,35,40,40,1074,45385001,3
303,1417723596,208997310,30,40,39,1245,44361001,0
304,1417723596,208997310,18,40,39,1085,45218001,0
304,1417723596,208997310,44,40,39,1536,44998001,0
304,1417723596,217997194,47,40,40,1073,45278001,0
304,1417723596,217997194,38,40,39,1237,44927001,0
304,1417723596,217997194,21,40,39,947,44789001,0
305,1417723596,217997194,9,40,39,947,45096001,0
305,1417723596,218997181,2,40,39,1085,45185001,0
305,1417723596,218997181,22,40,39,1084,44802001,0
305,1417723596,218997181,24,40,41,1620,45086001,0
305,1417723596,218997181,13,40,39,947,45081001,0
306,1417723596,218997181,23,40,39,1041,42982001,0
306,1417723596,220997155,32,40,39,1543,45224001,0
306,1417723596,222997129,39,40,40,1073,44764001,0
306,1417723596,222997129,4,40,41,1620,45094001,0
306,1417723596,223997117,11,40,39,1041,45377001,0
307,1417723596,223997117,28,40,39,1543,45268001,0
307,1417723596,225997091,33,40,35,1172,45093001,0
307,1417723596,225997091,42,40,39,1237,45146001,0
307,1417723596,225997091,41,40,37,1172,45271001,0
307,1417723596,226997078,29,40,39,1172,45239001,0
308,1417723596,226997078,16,40,41,1620,45408001,2
308,1417723596,226997078,8,40,40,1618,45334001,0
308,1417723596,226997078,14,40,39,1069,41941001,0
308,1417723596,227997065,34,40,39,1249,45200001,0
308,1417723596,230997026,48,40,39,1550,45184001,0
309,1417723596,230997026,31,40,40,1073,44891001,0
309,1417723596,230997026,27,40,39,1062,44566001,0
309,1417723596,230997026,6,40,39,1084,44919001,0
309,1417723596,230997026,40,40,39,1550,45294001,0
309,1417723596,231997014,1,40,33,871,44838001,0
310,1417723596,231997014,5,40,33,871,45814001,2
310,1417723596,231997014,43,40,39,1056,39826001,0
310,1417723596,232997001,15,40,39,1021,45145001,0
310,1417723596,237996936,19,40,39,1047,45173001,0
310,1417723596,237996936,26,40,39,1237,44337001,0
311,1417723596,246996820,37,40,39,1172,45011001,0
311,1417723596,246996820,49,40,39,1172,44821001,0
311,1417723596,246996820,3,40,39,1037,45055001,0
311,1417723596,247996808,36,40,39,1534,45119001,0
311,1417723596,247996808,7,40,39,1037,45330001,0
312,1417723596,247996808,20,40,41,1620,45272001,0
312,1417723596,247996808,12,40,41,1620,43344001,0
312,1417723596,251996756,45,40,36,1172,44931001,0
312,1417723596,251996756,50,40,39,1237,44856001,0
312,1417723596,251996756,46,40,39,1245,45003001,0
313,1417723596,251996756,10,40,38,1069,44283001,0
313,1417723596,253996730,17,40,39,947,45284001,0
313,1417723596,253996730,25,40,34,871,44574001,0
313,1417723596,253996730,35,40,39,1062,45217001,0
313,1417723596,253996730,30,40,39,1245,45206001,0
314,1417723596,253996730,18,40,39,1085,45275001,0
314,1417723596,253996730,44,40,39,1536,45118001,0
314,1417723596,262996615,38,40,39,1237,45046001,0
314,1417723596,262996615,47,40,40,1073,45143001,0
314,1417723596,263996602,22,40,39,1084,44846001,0
315,1417723596,263996602,9,40,39,947,45234001,0
315,1417723596,263996602,2,40,39,1085,45294001,0
315,1417723596,263996602,21,40,39,947,45144001,0
315,1417723596,263996602,13,40,39,947,45217001,0
315,1417723596,263996602,24,40,41,1620,44724001,0
316,1417723596,263996602,23,40,39,1047,43033001,0
316,1417723596,265996576,39,40,40,1074,45614001,2
316,1417723596,268996537,32,40,39,1543,45528001,1
316,1417723596,268996537,4,40,41,1620,45018001,0
316,1417723596,268996537,11,40,39,1047,45337001,0
317,1417723596,268996537,33,40,36,1172,45171001,0
317,1417723596,270996512,42,40,39,1245,45251001,0
317,1417723596,271996499,28,40,39,1543,45388001,0
317,1417723596,271996499,29,40,39,1172,45355001,0
317,1417723596,271996499,41,40,38,1172,45307001,0
318,1417723596,271996499,16,40,41,1620,45129001,0
318,1417723596,271996499,8,40,40,1618,46690001,6
318,1417723596,271996499,14,40,38,1051,41653001,0
318,1417723596,272996486,48,40,39,1550,45060001,0
318,1417723596,275996447,31,40,40,1074,45079001,0
319,1417723596,275996447,27,40,39,1062,44784001,0
319,1417723596,276996434,34,40,39,1249,44953001,0
319,1417723596,276996434,6,40,39,1081,45149001,0
319,1417723596,276996434,1,40,34,871,45085001,0
319,1417723596,276996434,40,40,39,1550,45578001,0
320,1417723596,276996434,5,40,34,871,45142001,0
320,1417723596,276996434,43,40,39,1056,45433001,1
320,1417723596,277996421,15,40,39,1021,45249001,0
320,1417723596,283996344,19,40,39,1047,45414001,1
320,1417723596,283996344,26,40,39,1237,45527001,1
321,1417723596,291996241,37,40,39,1172,45252001,0
321,1417723596,292996228,49,40,39,1172,45489001,1
321,1417723596,292996228,36,40,39,1543,44948001,0
321,1417723596,292996228,3,40,39,1037,46126001,1
321,1417723596,292996228,7,40,39,1029,46162001,1
322,1417723596,292996228,20,40,41,1620,46752001,1
322,1417723596,292996228,12,40,41,1620,45523001,1
322,1417723596,296996177,46,40,39,1245,44888001,0
322,1417723596,296996177,50,40,39,1237,44976001,0
322,1417723596,297996164,45,40,37,1172,45302001,0
323,1417723596,297996164,10,40,39,1069,45037001,0
323,1417723596,298996151,17,40,39,947,44956001,0
323,1417723596,298996151,25,40,35,871,45076001,0
323,1417723596,298996151,35,40,39,1062,45346001,0
323,1417723596,298996151,30,40,39,1245,45327001,0
324,1417723596,299996138,18,40,39,1084,45293001,0
324,1417723596,299996138,44,40,39,1534,44924001,0
324,1417723596,308996022,47,40,40,1073,45130001,0
324,1417723596,308996022,38,40,39,1237,44914001,0
324,1417723596,308996022,9,40,39,947,45111001,0
325,1417723596,308996022,22,40,39,1084,45278001,0
325,1417723596,308996022,2,40,39,1084,44931001,0
325,1417723596,308996022,13,40,39,947,45460001,5
325,1417723596,308996022,24,40,41,1620,45037001,0
325,1417723596,308996022,21,40,39,947,45269001,0
326,1417723596,308996022,23,40,39,1047,45465001,1
326,1417723596,311995984,4,40,41,1620,45060001,0
326,1417723596,313995958,32,40,39,1539,45389001,0
326,1417723596,313995958,39,40,40,1074,45006001,0
326,1417723596,313995958,11,40,39,1047,45159001,0
327,1417723596,313995958,33,40,37,1172,45188001,0
327,1417723596,316995919,42,40,39,1245,45001001,0
327,1417723596,316995919,28,40,39,1539,45122001,0
327,1417723596,316995919,29,40,39,1172,45266001,0
327,1417723596,316995919,41,40,39,1172,45271001,0
328,1417723596,316995919,16,40,41,1620,45385001,0
328,1417723596,316995919,8,40,40,1618,44730001,0
328,1417723596,316995919,14,40,39,1051,41662001,0
328,1417723596,318995894,31,40,40,1074,44697001,0
328,1417723596,321995855,48,40,39,1550,45178001,0
329,1417723596,321995855,34,40,39,1249,45191001,0
329,1417723596,321995855,6,40,39,1081,45192001,0
329,1417723596,321995855,27,40,38,1045,44778001,0
329,1417723596,321995855,40,40,39,1550,45124001,0
329,1417723596,321995855,1,40,35,871,45053001,0
330,1417723596,321995855,5,40,35,871,45282001,0
330,1417723596,321995855,43,40,39,1056,45337001,0
330,1417723596,322995842,15,40,39,1021,45305001,0
330,1417723596,328995765,19,40,39,1047,45302001,0
330,1417723596,328995765,26,40,39,1245,44489001,0
331,1417723596,337995649,36,40,39,1543,44955001,0
331,1417723596,337995649,37,40,39,1172,45008001,0
331,1417723596,337995649,49,40,39,1172,45057001,0
331,1417723596,337995649,3,40,39,1029,44981001,0
331,1417723596,338995636,7,40,39,1029,44698001,0
332,1417723596,338995636,20,40,41,1620,41790001,0
332,1417723596,338995636,12,40,41,1620,45312001,0
332,1417723596,342995585,45,40,38,1172,44580001,0
332,1417723596,342995585,50,40,39,1245,45152001,0
332,1417723596,342995585,46,40,39,1249,45280001,0
333,1417723596,342995585,17,40,32,871,45111001,0
333,1417723596,342995585,35,40,39,1062,45331001,0
333,1417723596,343995572,10,40,39,1069,45305001,0
333,1417723596,344995559,25,40,36,871,45267001,0
333,1417723596,344995559,30,40,39,1249,45846001,7
334,1417723596,344995559,18,40,39,1084,45131001,0
334,1417723596,344995559,44,40,39,1534,45131001,0
334,1417723596,353995443,38,40,39,1245,45147001,0
334,1417723596,353995443,47,40,40,1074,45115001,0
334,1417723596,353995443,9,40,39,947,45300001,0
335,1417723596,353995443,13,40,39,947,44989001,0
335,1417723596,353995443,2,40,39,1084,45191001,0
335,1417723596,353995443,22,40,39,1081,45043001,0
335,1417723596,353995443,24,40,41,1620,45407001,2
335,1417723596,355995417,21,40,39,947,45148001,0
336,1417723596,355995417,23,40,39,1047,45358001,0
336,1417723596,355995417,39,40,40,1074,45303001,0
336,1417723596,358995379,4,40,41,1620,45089001,0
336,1417723596,358995379,32,40,39,1539,45258001,0
336,1417723596,358995379,11,40,39,1047,45219001,0
337,1417723596,359995366,28,40,39,1539,45111001,0
337,1417723596,361995340,33,40,38,1172,45301001,0
337,1417723596,361995340,42,40,39,1245,45165001,0
337,1417723596,361995340,29,40,39,1172,45290001,0
337,1417723596,361995340,41,40,39,1172,45259001,0
338,1417723596,362995327,16,40,41,1620,45089001,0
338,1417723596,362995327,8,40,40,1618,45470001,1
338,1417723596,362995327,14,40,39,1051,45516001,1
338,1417723596,363995314,34,40,37,1224,44856001,0
338,1417723596,366995276,48,40,38,1536,45072001,0
339,1417723596,366995276,31,40,40,1074,45279001,0
339,1417723596,366995276,27,40,39,1045,45330001,0
339,1417723596,366995276,40,40,38,1536,45440001,4
339,1417723596,366995276,6,40,39,1081,44925001,0
339,1417723596,366995276,1,40,36,871,45166001,0
340,1417723596,366995276,5,40,36,871,45154001,0
340,1417723596,366995276,43,40,40,1073,45324001,0
340,1417723596,368995250,15,40,39,1021,45239001,0
340,1417723596,373995185,19,40,39,1047,45210001,0
340,1417723596,373995185,26,40,39,1245,45494001,1
341,1417723596,382995070,36,40,39,1543,45283001,0
341,1417723596,382995070,37,40,39,1172,45141001,0
341,1417723596,382995070,49,40,39,1172,45014001,0
341,1417723596,383995057,3,40,39,1029,45316001,0
341,1417723596,383995057,7,40,39,1029,45286001,0
342,1417723596,383995057,20,40,40,1618,45309001,1
342,1417723596,383995057,12,40,41,1620,43466001,0
342,1417723596,387995005,46,40,39,1249,45262001,0
342,1417723596,387995005,50,40,39,1245,44698001,0
342,1417723596,387995005,35,40,39,1062,45376001,3
343,1417723596,387995005,17,40,33,871,45024001,0
343,1417723596,387995005,10,40,38,1051,45351001,1
343,1417723596,387995005,25,40,37,871,45268001,0
343,1417723596,389994979,45,40,39,1172,45470001,0
343,1417723596,389994979,18,40,39,1084,45525001,8
344,1417723596,389994979,30,40,39,1249,45003001,0
344,1417723596,391994954,38,40,39,1245,45246001,0
344,1417723596,398994864,44,40,39,1534,45000001,0
344,1417723596,398994864,47,40,40,1074,45267001,0
344,1417723596,398994864,13,40,32,871,45138001,0
345,1417723596,400994838,9,40,32,871,45138001,0
345,1417723596,400994838,2,40,39,1084,45524001,0
345,1417723596,400994838,22,40,39,1081,45436001,0
345,1417723596,400994838,24,40,41,1620,45454001,0
345,1417723596,400994838,21,40,32,871,45407001,0
346,1417723596,401994825,23,40,39,1047,45353001,0
346,1417723596,401994825,39,40,40,1074,44981001,0
346,1417723596,404994786,4,40,41,1620,45044001,0
346,1417723596,404994786,32,40,39,1539,45278001,0
346,1417723596,404994786,11,40,39,1047,45102001,0
347,1417723596,404994786,33,40,39,1172,45133001,0
347,1417723596,406994761,28,40,39,1539,45325001,0
347,1417723596,406994761,42,40,39,1245,45196001,0
347,1417723596,407994748,29,40,39,1172,45183001,0
347,1417723596,407994748,41,40,39,1172,44753001,0
348,1417723596,407994748,16,40,41,1620,45421001,0
348,1417723596,407994748,8,40,41,1628,45317001,0
348,1417723596,407994748,14,40,38,1032,45314001,0
348,1417723596,408994735,31,40,40,1074,44471001,0
348,1417723596,411994696,34,40,38,1224,44256001,0
349,1417723596,411994696,48,40,39,1536,44951001,0
349,1417723596,411994696,27,40,39,1045,44946001,0
349,1417723596,412994683,40,40,39,1536,44988001,0
349,1417723596,412994683,6,40,39,1081,44834001,0
349,1417723596,412994683,1,40,37,871,45269001,0
350,1417723596,412994683,5,40,37,871,45759001,7
350,1417723596,412994683,43,40,40,1073,45280001,0
350,1417723596,413994670,15,40,39,1020,45280001,0
350,1417723596,419994593,19,40,39,1037,45227001,0
350,1417723596,419994593,26,40,39,1245,45372001,0
351,1417723596,428994477,36,40,39,1539,45077001,0
351,1417723596,428994477,37,40,39,1172,45087001,0
351,1417723596,428994477,7,40,39,1021,45529001,4
351,1417723596,428994477,3,40,39,1029,45152001,0
351,1417723596,428994477,20,40,40,1618,45527001,5
352,1417723596,428994477,49,40,39,1172,45430001,3
352,1417723596,428994477,12,40,40,1618,45424001,1
352,1417723596,433994413,50,40,39,1245,44918001,0
352,1417723596,433994413,35,40,38,1045,45230001,0
352,1417723596,433994413,46,40,39,1249,44543001,0
353,1417723596,433994413,17,40,34,871,45311001,0
353,1417723596,433994413,10,40,39,1051,45316001,0
353,1417723596,433994413,25,40,34,836,45044001,0
353,1417723596,434994400,45,40,39,1172,45272001,0
353,1417723596,434994400,18,40,39,1081,44941001,0
354,1417723596,434994400,30,40,39,1249,47138001,0
354,1417723596,437994361,38,40,39,1245,45398001,2
354,1417723596,444994271,47,40,40,1074,45188001,0
354,1417723596,444994271,44,40,39,1543,44940001,0
354,1417723596,444994271,9,40,33,871,45042001,0
355,1417723596,444994271,22,40,39,1081,44828001,0
355,1417723596,444994271,13,40,33,871,44933001,0
355,1417723596,445994258,24,40,40,1618,45110001,0
355,1417723596,445994258,21,40,33,871,45003001,0
355,1417723596,446994246,2,40,39,1081,45048001,0
356,1417723596,446994246,23,40,39,1037,45326001,0
356,1417723596,446994246,39,40,40,1074,45080001,0
356,1417723596,449994207,32,40,39,1539,45257001,0
356,1417723596,449994207,4,40,40,1618,44826001,0
356,1417723596,449994207,11,40,39,1037,45032001,0
357,1417723596,449994207,28,40,39,1539,45291001,0
357,1417723596,452994168,42,40,39,1249,45108001,0
357,1417723596,452994168,33,40,39,1172,45070001,0
357,1417723596,452994168,29,40,39,1172,44649001,0
357,1417723596,452994168,41,40,39,1172,45424001,1
358,1417723596,452994168,16,40,41,1620,45335001,0
358,1417723596,452994168,8,40,41,1628,45304001,0
358,1417723596,452994168,14,40,39,1032,45262001,0
358,1417723596,453994155,34,40,39,1224,44762001,0
358,1417723596,457994104,31,40,40,1074,45345001,0
359,1417723596,457994104,48,40,39,1536,45232001,0
359,1417723596,457994104,27,40,39,1038,45316001,0
359,1417723596,457994104,40,40,39,1536,45544001,1
359,1417723596,457994104,1,40,34,836,45248001,0
359,1417723596,457994104,5,40,34,836,45209001,0
360,1417723596,458994091,6,40,38,1069,45091001,0
360,1417723596,458994091,43,40,40,1073,45337001,0
360,1417723596,459994078,19,40,39,1037,45344001,0
360,1417723596,464994014,15,40,39,1020,45196001,0
360,1417723596,464994014,26,40,39,1245,44782001,0
361,1417723596,473993898,36,40,39,1539,45292001,0
361,1417723596,473993898,37,40,39,1172,45204001,0
361,1417723596,473993898,7,40,39,1021,45163001,0
361,1417723596,473993898,3,40,39,1021,45085001,0
361,1417723596,474993885,20,40,40,1618,45116001,0
362,1417723596,474993885,49,40,39,1172,46217001,0
362,1417723596,474993885,12,40,40,1618,45350001,0
362,1417723596,478993834,50,40,39,1245,44960001,0
362,1417723596,478993834,35,40,39,1045,45099001,0
362,1417723596,478993834,46,40,37,1224,44865001,0
363,1417723596,478993834,17,40,35,871,45214001,0
363,1417723596,478993834,10,40,39,1051,44752001,0
363,1417723596,478993834,45,40,39,1172,45027001,0
363,1417723596,479993821,25,40,35,836,45035001,0
363,1417723596,480993808,18,40,39,1081,45176001,0
364,1417723596,480993808,30,40,37,1224,45206001,0
364,1417723596,481993795,44,40,39,1543,44858001,0
364,1417723596,489993692,47,40,40,1074,45161001,0
364,1417723596,489993692,38,40,39,1245,45207001,0
364,1417723596,489993692,9,40,34,871,45097001,0
365,1417723596,489993692,24,40,40,1618,45019001,0
365,1417723596,489993692,21,40,34,871,44842001,0
365,1417723596,489993692,2,40,39,1081,45349001,0
365,1417723596,491993666,13,40,34,871,45456001,0
365,1417723596,491993666,22,40,39,1081,45118001,0
366,1417723596,491993666,23,40,39,1037,42903001,0
366,1417723596,491993666,39,40,40,1074,45216001,0
366,1417723596,494993628,32,40,40,1553,45260001,0
366,1417723596,494993628,4,40,40,1618,45128001,0
366,1417723596,494993628,11,40,39,1037,45530001,2
367,1417723596,494993628,33,40,39,1172,45241001,0
367,1417723596,497993589,28,40,40,1553,45297001,0
367,1417723596,497993589,42,40,39,1249,45070001,0
367,1417723596,497993589,29,40,39,1172,45401001,2
367,1417723596,497993589,41,40,39,1172,45407001,1
368,1417723596,497993589,16,40,40,1618,46020001,2
368,1417723596,497993589,8,40,41,1628,46177001,3
368,1417723596,497993589,14,40,39,1032,45696001,1
368,1417723596,499993563,31,40,40,1074,44081001,0
368,1417723596,502993525,34,40,37,1202,45071001,0
369,1417723596,502993525,48,40,39,1536,45186001,0
369,1417723596,502993525,27,40,39,1038,45243001,0
369,1417723596,502993525,40,40,39,1536,45376001,2
369,1417723596,502993525,1,40,35,836,44827001,0
369,1417723596,502993525,5,40,35,836,45217001,0
370,1417723596,502993525,6,40,39,1069,46514001,0
370,1417723596,502993525,43,40,40,1073,45152001,0
370,1417723596,504993499,15,40,39,1020,45337001,0
370,1417723596,509993434,19,40,39,1037,45339001,0
370,1417723596,509993434,26,40,39,1249,45534001,1
371,1417723596,518993319,37,40,39,1172,45051001,0
371,1417723596,518993319,36,40,39,1539,45004001,0
371,1417723596,518993319,20,40,40,1618,45544001,3
371,1417723596,519993306,3,40,39,1021,45525001,3
371,1417723596,519993306,7,40,39,1021,45387001,0
372,1417723596,519993306,49,40,39,1172,41965001,0
372,1417723596,519993306,12,40,40,1618,45419001,0
372,1417723596,523993254,50,40,39,1249,45381001,1
372,1417723596,523993254,35,40,39,1045,45248001,0
372,1417723596,523993254,46,40,38,1224,44749001,0
373,1417723596,523993254,45,40,39,1172,44886001,0
373,1417723596,524993241,10,40,38,1032,45455001,0
373,1417723596,525993229,17,40,36,871,45485001,0
373,1417723596,525993229,25,40,36,836,45405001,0
373,1417723596,525993229,18,40,39,1081,45759001,7
374,1417723596,525993229,30,40,38,1224,45287001,0
374,1417723596,527993203,44,40,39,1543,45193001,0
374,1417723596,534993113,38,40,39,1249,45174001,0
374,1417723596,534993113,47,40,40,1074,45027001,0
374,1417723596,534993113,21,40,35,871,44659001,0
375,1417723596,534993113,24,40,40,1618,44686001,0
375,1417723596,534993113,9,40,35,871,45051001,0
375,1417723596,535993100,2,40,39,1081,44896001,0
375,1417723596,535993100,22,40,38,1069,44676001,0
375,1417723596,536993087,13,40,35,871,45136001,0
376,1417723596,536993087,23,40,39,1037,45409001,1
376,1417723596,536993087,39,40,39,1062,45119001,0
376,1417723596,539993048,32,40,40,1553,45248001,0
376,1417723596,540993035,4,40,40,1618,44803001,0
376,1417723596,540993035,11,40,39,1037,44497001,0
377,1417723596,540993035,33,40,39,1172,45210001,0
377,1417723596,542993010,28,40,40,1553,45329001,0
377,1417723596,542993010,42,40,39,1249,45284001,0
377,1417723596,543992997,29,40,39,1172,45328001,0
377,1417723596,543992997,41,40,39,1172,45295001,0
378,1417723596,543992997,8,40,41,1641,44729001,0
378,1417723596,543992997,14,40,39,1032,45246001,0
378,1417723596,543992997,16,40,40,1618,44839001,0
378,1417723596,543992997,31,40,39,1062,45059001,0
378,1417723596,547992945,34,40,38,1202,45018001,0
379,1417723596,547992945,48,40,39,1534,45083001,0
379,1417723596,547992945,27,40,39,1038,45322001,0
379,1417723596,547992945,40,40,39,1534,45151002,0
379,1417723596,547992945,1,40,36,836,44903001,0
379,1417723596,547992945,5,40,36,836,45137002,0
380,1417723596,548992932,6,40,39,1069,45362001,0
380,1417723596,548992932,43,40,40,1074,39659001,0
380,1417723596,549992920,19,40,39,1029,45167001,0
380,1417723596,555992842,15,40,39,1025,45273001,0
380,1417723596,555992842,26,40,39,1249,45365002,0
381,1417723596,564992726,37,40,39,1172,45262001,0
381,1417723596,564992726,36,40,39,1539,45329002,0
381,1417723596,564992726,20,40,41,1628,45597001,1
381,1417723596,564992726,3,40,39,1021,45642002,1
381,1417723596,564992726,7,40,39,1021,45490002,1
382,1417723596,564992726,49,40,39,1172,45441001,1
382,1417723596,564992726,12,40,40,1618,43583001,0
382,1417723596,568992675,46,40,39,1224,44760001,0
382,1417723596,568992675,35,40,39,1038,45329002,0
382,1417723596,569992662,50,40,39,1249,45277001,0
383,1417723596,569992662,45,40,39,1172,44200001,0
383,1417723596,569992662,17,40,37,871,45147002,0
383,1417723596,569992662,10,40,39,1032,44590001,0
383,1417723596,570992649,25,40,37,836,44570002,0
383,1417723596,570992649,18,40,39,1081,44891001,0
384,1417723596,570992649,30,40,39,1224,45354002,0
384,1417723596,572992623,44,40,39,1539,45189002,0
384,1417723596,579992533,38,40,39,1249,45232002,0
384,1417723596,579992533,47,40,40,1074,45252002,0
384,1417723596,580992520,9,40,36,871,44960001,0
385,1417723596,580992520,2,40,39,1081,45147001,0
385,1417723596,580992520,21,40,36,871,44691001,0
385,1417723596,581992508,24,40,40,1618,45071002,0
385,1417723596,581992508,13,40,36,871,45017001,0
385,1417723596,581992508,22,40,39,1069,45322002,5
386,1417723596,581992508,23,40,39,1029,45371001,0
386,1417723596,582992495,39,40,39,1062,44990002,0
386,1417723596,585992456,32,40,40,1553,45424002,1
386,1417723596,585992456,4,40,40,1618,45004002,0
386,1417723596,585992456,11,40,39,1029,45087001,0
387,1417723596,585992456,33,40,39,1172,45404002,0
387,1417723596,588992417,28,40,40,1553,45450002,0
387,1417723596,588992417,42,40,37,1224,45257002,0
387,1417723596,588992417,29,40,39,1172,45270002,0
387,1417723596,588992417,41,40,39,1172,45239002,0
388,1417723596,588992417,16,40,40,1618,45572002,0
388,1417723596,588992417,14,40,39,1029,45607001,2
388,1417723596,588992417,8,40,41,1641,45445001,2
388,1417723596,588992417,34,40,39,1202,44823002,0
388,1417723596,592992366,48,40,39,1534,45281002,0
389,1417723596,592992366,31,40,39,1062,45059002,0
389,1417723596,592992366,40,40,39,1534,45287002,0
389,1417723596,593992353,27,40,40,1051,45302002,0
389,1417723596,593992353,5,40,37,836,45681001,6
389,1417723596,593992353,1,40,37,836,45220001,0
390,1417723596,593992353,6,40,38,1051,45303001,0
390,1417723596,593992353,43,40,40,1074,45377001,2
390,1417723596,594992340,19,40,39,1029,45688002,0
390,1417723596,600992263,15,40,39,1025,45716002,0
390,1417723596,600992263,37,40,39,1172,44534002,0
391,1417723596,609992147,36,40,40,1553,45579001,1
391,1417723596,609992147,26,40,39,1249,45262002,0
391,1417723596,609992147,3,40,39,1021,45445002,0
391,1417723596,609992147,7,40,39,1020,45931002,3
391,1417723596,610992134,20,40,41,1628,45256002,0
392,1417723596,610992134,49,40,39,1172,45353002,0
392,1417723596,610992134,12,40,41,1628,43624002,0
392,1417723596,614992083,50,40,39,1249,43908002,0
392,1417723596,614992083,46,40,37,1202,44289002,0
392,1417723596,614992083,45,40,39,1172,44939002,0
393,1417723596,614992083,10,40,39,1032,45328002,0
393,1417723596,614992083,17,40,34,836,45237002,0
393,1417723596,614992083,35,40,39,1038,44669002,0
393,1417723596,614992083,25,40,38,836,44930002,0
393,1417723596,615992070,18,40,38,1069,45204002,0
394,1417723596,616992057,30,40,37,1202,45181002,0
394,1417723596,617992044,47,40,39,1062,45225002,0
394,1417723596,625991941,44,40,39,1539,45069002,0
394,1417723596,625991941,38,40,39,1249,45105002,0
394,1417723596,625991941,24,40,41,1628,45179002,0
395,1417723596,625991941,13,40,37,871,45332002,0
395,1417723596,627991915,21,40,37,871,45156002,0
395,1417723596,627991915,22,40,39,1069,45286002,0
395,1417723596,627991915,9,40,37,871,45224002,0
395,1417723596,627991915,2,40,38,1069,45517002,0
396,1417723596,627991915,23,40,39,1029,45296002,0
396,1417723596,627991915,4,40,41,1628,45138002,0
396,1417723596,630991877,11,40,39,1029,45155002,0
396,1417723596,630991877,39,40,39,1062,44970002,0
396,1417723596,630991877,32,40,41,1579,45165002,0
397,1417723596,630991877,42,40,38,1224,45139002,0
397,1417723596,633991838,28,40,41,1579,44868002,0
397,1417723596,633991838,33,40,39,1172,45215002,0
397,1417723596,633991838,41,40,39,1172,45215002,0
397,1417723596,633991838,29,40,39,1172,45136002,0
398,1417723596,633991838,14,40,39,1029,45023002,0
398,1417723596,634991825,16,40,40,1618,45068002,0
398,1417723596,634991825,8,40,41,1641,45247002,0
398,1417723596,634991825,31,40,39,1062,45039002,0
398,1417723596,638991774,34,40,39,1202,44313002,0
399,1417723596,638991774,48,40,39,1534,45210002,0
399,1417723596,638991774,40,40,39,1534,45561002,3
399,1417723596,638991774,27,40,40,1051,45262002,0
399,1417723596,638991774,5,40,38,836,44356002,0
399,1417723596,638991774,1,40,38,836,44718002,0
400,1417723596,638991774,6,40,39,1051,45150002,0
400,1417723596,638991774,43,40,40,1074,45170002,0
400,1417723596,639991761,15,40,39,1025,45402002,0
400,1417723596,646991671,19,40,39,1029,45605002,0
400,1417723596,646991671,37,40,39,1172,45477002,1
401,1417723596,654991568,36,40,40,1553,45081002,0
401,1417723596,654991568,26,40,37,1224,45515002,1
401,1417723596,654991568,7,40,39,1020,44710002,0
401,1417723596,655991555,20,40,41,1628,44825002,0
401,1417723596,655991555,3,40,39,1020,44749002,0
402,1417723596,655991555,49,40,39,1172,41793002,0
402,1417723596,655991555,12,40,41,1628,45411002,1
402,1417723596,659991503,50,40,37,1224,45229002,0
402,1417723596,659991503,46,40,38,1202,44581002,0
402,1417723596,659991503,45,40,39,1172,44745002,0
403,1417723596,659991503,10,40,39,1032,44804002,0
403,1417723596,660991490,35,40,39,1038,45241002,0
403,1417723596,660991490,17,40,35,836,44965002,0
403,1417723596,660991490,25,40,39,836,45032002,0
403,1417723596,661991478,18,40,39,1069,45121002,0
404,1417723596,661991478,30,40,38,1202,45310002,0
404,1417723596,663991452,44,40,39,1539,45218002,0
404,1417723596,670991362,38,40,37,1224,45202002,0
404,1417723596,670991362,47,40,39,1062,45480002,1
404,1417723596,670991362,24,40,41,1628,45139002,0
405,1417723596,672991336,13,40,34,836,44978002,0
405,1417723596,672991336,21,40,34,836,44576002,0
