Simulation time,DDS time seconds,DDS time nanoseconds,Turbine Id,Setpoint,Current production,Max production,MS since last write,Cache count
0,1417723396,558992804,50,40,38,977,35596002,1
0,1417723396,610992134,27,40,39,1020,34593002,0
0,1417723396,610992134,46,40,39,965,35153002,0
1,1417723396,610992134,29,40,39,648,34557002,0
1,1417723396,610992134,42,40,39,951,35400002,1
1,1417723396,610992134,39,40,39,1016,34823002,0
1,1417723396,616992057,44,40,41,1779,34707002,0
1,1417723396,616992057,30,40,39,994,34514002,0
2,1417723396,616992057,49,40,33,648,34847002,0
2,1417723396,616992057,34,40,39,994,35450002,1
2,1417723396,616992057,35,40,39,1016,35185002,0
2,1417723396,619992018,37,40,34,648,35326002,0
2,1417723396,619992018,40,40,41,1720,35288002,0
3,1417723396,619992018,47,40,39,1020,35286002,0
3,1417723396,620992005,38,40,39,994,30378002,0
3,1417723396,630991877,31,40,39,1024,35227002,0
3,1417723396,630991877,45,40,35,648,35481002,2
3,1417723396,630991877,36,40,41,1720,35247002,0
4,1417723396,630991877,32,40,41,1779,35006002,0
4,1417723396,631991864,43,40,39,1028,35602002,5
4,1417723396,631991864,26,40,39,990,35047002,0
4,1417723396,631991864,41,40,39,648,33998002,0
4,1417723396,631991864,28,40,41,1730,32866002,0
5,1417723396,631991864,33,40,33,648,32792002,0
5,1417723396,631991864,48,40,41,1774,35512002,1
5,1417723396,634991825,50,40,39,977,33168002,0
5,1417723396,639991761,29,40,39,648,34563002,0
5,1417723396,641991735,27,40,39,1020,33859002,0
6,1417723396,641991735,46,40,39,965,33071002,0
6,1417723396,641991735,42,40,39,951,34879002,0
6,1417723396,642991722,39,40,39,1016,34349002,0
6,1417723396,649991632,44,40,40,1777,35140002,0
6,1417723396,650991619,30,40,39,994,34880002,0
7,1417723396,650991619,49,40,34,648,35330002,0
7,1417723396,650991619,34,40,39,994,35406002,6
7,1417723396,650991619,35,40,39,1024,35302002,0
7,1417723396,654991568,37,40,35,648,35309002,0
7,1417723396,654991568,40,40,41,1720,35537002,3
8,1417723396,655991555,47,40,39,1020,35374002,2
8,1417723396,655991555,36,40,41,1720,35034002,0
8,1417723396,664991439,31,40,39,1024,35175002,0
8,1417723396,664991439,45,40,36,648,35556002,1
8,1417723396,665991426,43,40,39,1028,35390002,0
9,1417723396,665991426,32,40,40,1777,34941002,0
9,1417723396,665991426,26,40,39,990,35020002,0
9,1417723396,665991426,38,40,39,994,35590002,0
9,1417723396,665991426,41,40,39,648,35430002,0
9,1417723396,666991413,28,40,41,1730,35525002,1
10,1417723396,666991413,33,40,34,648,36228002,3
10,1417723396,666991413,48,40,41,1774,35090002,0
10,1417723396,669991375,50,40,39,977,33661002,0
10,1417723396,675991297,27,40,39,1016,34750002,0
10,1417723396,675991297,29,40,33,585,34607002,0
11,1417723396,675991297,46,40,38,951,34640002,0
11,1417723396,675991297,42,40,39,951,35053002,0
11,1417723396,677991272,39,40,39,1016,34421002,0
11,1417723396,685991169,44,40,40,1777,35073002,0
11,1417723396,685991169,30,40,39,990,35292002,0
12,1417723396,685991169,49,40,35,648,35080002,0
12,1417723396,685991169,34,40,39,994,35163002,0
12,1417723396,685991169,35,40,39,1024,35303002,0
12,1417723396,689991117,37,40,36,648,35330002,0
12,1417723396,689991117,40,40,41,1720,35244002,0
13,1417723396,689991117,47,40,39,1016,35186002,0
13,1417723396,690991104,45,40,37,648,33598002,0
13,1417723396,700990975,31,40,39,1024,33834002,0
13,1417723396,700990975,36,40,41,1730,34659002,0
13,1417723396,700990975,43,40,39,1028,34976002,0
14,1417723396,700990975,32,40,40,1777,35400002,0
14,1417723396,700990975,38,40,39,994,34432002,0
14,1417723396,700990975,26,40,38,977,35624002,7
14,1417723396,700990975,41,40,39,648,34527002,0
14,1417723396,702990950,33,40,35,648,34901002,0
15,1417723396,702990950,28,40,41,1730,35248002,0
15,1417723396,702990950,48,40,41,1774,35293002,0
15,1417723396,705990911,50,40,39,976,33756002,0
15,1417723396,710990847,27,40,39,1016,34585002,0
15,1417723396,710990847,29,40,34,585,35286002,0
16,1417723396,710990847,46,40,39,951,35329002,0
16,1417723396,711990834,42,40,38,936,35214002,0
16,1417723396,712990821,39,40,39,1024,33146002,0
16,1417723396,720990718,44,40,40,1777,34667002,0
16,1417723396,720990718,30,40,39,990,34703002,0
17,1417723396,720990718,49,40,36,648,35677002,3
17,1417723396,720990718,34,40,39,990,34778002,0
17,1417723396,720990718,37,40,37,648,34885002,0
17,1417723396,725990654,35,40,39,1024,35422002,1
17,1417723396,725990654,40,40,41,1720,34937002,0
18,1417723396,725990654,47,40,39,1016,34172002,0
18,1417723396,725990654,45,40,38,648,35388002,3
18,1417723396,735990525,36,40,41,1730,35173002,0
18,1417723396,735990525,31,40,39,1024,34441002,0
18,1417723396,735990525,43,40,39,1022,35453002,1
19,1417723396,735990525,32,40,40,1777,35425002,3
19,1417723396,735990525,38,40,39,990,34975002,0
19,1417723396,735990525,26,40,39,977,35139002,0
19,1417723396,735990525,41,40,39,648,35518002,2
19,1417723396,737990499,33,40,36,648,35186002,0
20,1417723396,737990499,28,40,42,1755,35162002,0
20,1417723396,737990499,48,40,41,1774,35296002,0
20,1417723396,740990460,50,40,39,976,33899002,0
20,1417723396,746990383,29,40,35,585,34000002,0
20,1417723396,746990383,27,40,39,1016,33197002,0
21,1417723396,746990383,42,40,39,936,34891002,0
21,1417723396,747990370,46,40,39,951,34650002,0
21,1417723396,747990370,44,40,39,1773,35278002,0
21,1417723396,755990267,39,40,39,1024,35067002,0
21,1417723396,755990267,30,40,39,990,35136002,0
22,1417723396,755990267,49,40,37,648,34717002,0
22,1417723396,756990254,34,40,39,990,35446002,7
22,1417723396,756990254,35,40,39,1024,35285002,0
22,1417723396,760990203,37,40,38,648,35114002,0
22,1417723396,760990203,40,40,41,1730,35424002,3
23,1417723396,760990203,47,40,39,1016,35381002,3
23,1417723396,760990203,31,40,40,1038,34615002,0
23,1417723396,770990074,45,40,39,648,34367002,0
23,1417723396,770990074,36,40,41,1730,34791002,0
23,1417723396,770990074,43,40,39,1022,35462002,2
24,1417723396,771990061,38,40,39,990,35571002,5
24,1417723396,771990061,32,40,39,1773,34759002,0
24,1417723396,771990061,26,40,39,977,35543002,5
24,1417723396,771990061,41,40,39,648,35346002,0
24,1417723396,772990049,28,40,41,1755,35192002,0
25,1417723396,772990049,33,40,37,648,35188002,0
25,1417723396,772990049,48,40,41,1779,35415002,0
25,1417723396,776989997,50,40,39,976,33778002,0
25,1417723396,781989933,29,40,36,585,34714002,0
25,1417723396,781989933,27,40,39,1024,34860002,0
26,1417723396,781989933,42,40,39,936,35180002,0
26,1417723396,781989933,46,40,39,951,35704002,0
26,1417723396,783989907,39,40,39,1024,35013000,0
26,1417723396,790989817,49,40,38,648,34820000,0
26,1417723396,791989804,44,40,39,1773,35012000,0
27,1417723396,791989804,30,40,38,977,35312000,0
27,1417723396,791989804,34,40,39,990,35141000,0
27,1417723396,791989804,35,40,40,1038,34582000,0
27,1417723396,795989752,37,40,39,648,35090000,0
27,1417723396,795989752,40,40,41,1730,34612000,0
28,1417723396,795989752,47,40,39,1024,35011000,0
28,1417723396,796989740,43,40,39,1022,34811000,0
28,1417723396,805989624,36,40,42,1755,34243000,0
28,1417723396,806989611,31,40,40,1038,35207000,0
28,1417723396,806989611,45,40,39,648,34427000,0
29,1417723396,806989611,38,40,39,990,34733000,0
29,1417723396,806989611,32,40,39,1773,34908000,0
29,1417723396,806989611,26,40,39,976,34944000,0
29,1417723396,806989611,41,40,39,648,34879000,0
29,1417723396,808989585,28,40,41,1755,35263000,0
30,1417723396,808989585,33,40,38,648,35436000,1
30,1417723396,808989585,48,40,41,1779,35350000,0
30,1417723396,811989546,50,40,39,976,33909000,0
30,1417723396,816989482,29,40,37,585,34449000,0
30,1417723396,816989482,27,40,39,1024,34745000,0
31,1417723396,816989482,42,40,38,921,34645000,0
31,1417723396,817989469,46,40,38,936,35394000,0
31,1417723396,818989456,39,40,39,1024,35246000,0
31,1417723396,826989353,49,40,39,648,34922000,0
31,1417723396,826989353,30,40,39,977,35353000,0
32,1417723396,826989353,44,40,39,1773,35057000,0
32,1417723396,826989353,34,40,38,977,35091000,0
32,1417723396,826989353,37,40,39,648,35329000,0
32,1417723396,830989302,35,40,40,1038,35009000,0
32,1417723396,831989289,47,40,39,1024,35122000,0
33,1417723396,831989289,40,40,41,1730,34730000,0
33,1417723396,833989263,43,40,39,1013,34425000,0
33,1417723396,841989160,45,40,39,648,35281000,0
33,1417723396,841989160,38,40,38,977,34716000,0
33,1417723396,841989160,31,40,40,1038,34536000,0
34,1417723396,841989160,32,40,39,1773,34819000,0
34,1417723396,841989160,36,40,41,1755,35329000,0
34,1417723396,841989160,26,40,39,976,34918000,0
34,1417723396,841989160,41,40,39,648,34789000,0
34,1417723396,843989134,33,40,39,648,35061000,0
35,1417723396,843989134,28,40,41,1774,35183000,0
35,1417723396,843989134,48,40,41,1779,35297000,0
35,1417723396,846989096,50,40,39,973,33894000,0
35,1417723396,852989019,29,40,38,585,35241000,0
35,1417723396,853989006,27,40,39,1024,35154000,0
36,1417723396,853989006,42,40,39,921,34613000,0
36,1417723396,853989006,46,40,39,936,35228000,0
36,1417723396,855988980,49,40,39,648,34658000,0
36,1417723396,862988890,39,40,40,1038,34890000,0
36,1417723396,862988890,30,40,39,977,35361000,0
37,1417723396,862988890,34,40,39,977,34689000,0
37,1417723396,862988890,44,40,39,1773,34726000,0
37,1417723396,862988890,37,40,39,648,35319000,0
37,1417723396,867988825,35,40,40,1038,35333000,0
37,1417723396,867988825,47,40,39,1024,36549000,1
38,1417723396,867988825,40,40,42,1755,37623000,1
38,1417723396,869988800,43,40,39,1013,35413000,0
38,1417723396,877988697,38,40,39,977,35282000,0
38,1417723396,877988697,31,40,39,1033,35286000,0
38,1417723396,877988697,45,40,39,648,34797000,0
39,1417723396,877988697,32,40,39,1773,35247000,0
39,1417723396,878988684,36,40,41,1755,35087000,0
39,1417723396,878988684,26,40,39,976,34957000,0
39,1417723396,878988684,41,40,39,648,34879000,0
39,1417723396,879988671,33,40,39,648,35243000,0
40,1417723396,879988671,28,40,41,1774,35328000,0
40,1417723396,879988671,48,40,40,1777,35280000,0
40,1417723396,882988632,50,40,39,973,33946000,0
40,1417723396,888988555,29,40,39,585,35180000,0
40,1417723396,888988555,27,40,39,1024,35131000,0
41,1417723396,888988555,42,40,39,921,35315000,0
41,1417723396,888988555,46,40,39,936,35653000,9
41,1417723396,890988529,39,40,40,1038,34317000,0
41,1417723396,897988439,30,40,39,976,34825000,0
41,1417723396,897988439,34,40,39,977,34678000,0
42,1417723396,898988426,44,40,39,1780,34582000,0
42,1417723396,898988426,49,40,39,648,35101000,0
42,1417723396,898988426,37,40,39,648,35180000,0
42,1417723396,902988375,35,40,39,1033,34394000,0
42,1417723396,902988375,47,40,39,1024,34886000,0
43,1417723396,902988375,40,40,41,1755,34527000,0
43,1417723396,904988349,43,40,39,1013,34731000,0
43,1417723396,913988233,38,40,39,977,34487000,0
43,1417723396,913988233,31,40,39,1033,34629000,0
43,1417723396,913988233,45,40,39,648,35030000,0
44,1417723396,913988233,32,40,39,1780,35025000,0
44,1417723396,913988233,36,40,41,1774,34416000,0
44,1417723396,913988233,26,40,39,976,34609000,0
44,1417723396,913988233,41,40,39,648,35413000,2
44,1417723396,914988220,33,40,39,648,35294000,0
45,1417723396,914988220,28,40,41,1774,35067000,0
45,1417723396,915988207,48,40,40,1777,35350000,0
45,1417723396,918988169,50,40,39,973,35554000,1
45,1417723396,923988104,27,40,40,1038,34970000,0
45,1417723396,923988104,29,40,39,585,35226000,0
46,1417723396,924988092,42,40,39,918,35313000,0
46,1417723396,924988092,46,40,38,921,35219000,0
46,1417723396,925988079,30,40,39,976,35167000,0
46,1417723396,933987976,34,40,39,976,35020000,0
46,1417723396,933987976,39,40,40,1038,34927000,0
47,1417723396,933987976,49,40,39,648,34854000,0
47,1417723396,933987976,44,40,39,1780,35176000,0
47,1417723396,933987976,37,40,39,648,35255000,0
47,1417723396,937987924,35,40,39,1033,34833000,0
47,1417723396,938987911,47,40,40,1038,35171000,0
48,1417723396,938987911,40,40,41,1755,35295000,0
48,1417723396,940987886,38,40,39,976,31102000,0
48,1417723396,948987783,45,40,39,648,34602000,0
48,1417723396,948987783,43,40,39,1012,34337000,0
48,1417723396,948987783,31,40,39,1033,31685000,0
49,1417723396,948987783,32,40,39,1780,35049000,0
49,1417723396,948987783,36,40,41,1774,32382000,0
49,1417723396,948987783,26,40,39,973,31677000,0
49,1417723396,948987783,41,40,39,648,34736000,0
49,1417723396,950987757,28,40,41,1774,35288000,0
50,1417723396,950987757,33,40,39,648,35240000,0
50,1417723396,950987757,48,40,40,1777,29948000,0
50,1417723396,953987718,50,40,39,965,34238000,0
50,1417723396,959987641,27,40,40,1038,35133000,0
50,1417723396,959987641,29,40,39,585,35090000,0
51,1417723396,959987641,42,40,39,918,35242000,0
51,1417723396,959987641,46,40,39,921,35622000,1
51,1417723396,961987615,49,40,39,648,34915000,0
51,1417723396,968987525,39,40,39,1033,35008000,0
51,1417723396,968987525,44,40,39,1780,35654000,5
52,1417723396,968987525,30,40,39,976,35117000,0
52,1417723396,968987525,34,40,39,976,34933000,0
52,1417723396,968987525,37,40,39,648,35429000,0
52,1417723396,973987461,35,40,39,1033,35589000,1
52,1417723396,973987461,47,40,40,1038,35159000,0
53,1417723396,973987461,40,40,41,1774,34960000,0
53,1417723396,975987435,31,40,39,1028,34569000,0
53,1417723396,983987332,45,40,39,648,34447000,0
53,1417723396,983987332,38,40,39,976,34348000,0
53,1417723396,983987332,43,40,39,1012,34887000,0
54,1417723396,983987332,36,40,41,1774,35303000,0
54,1417723396,983987332,32,40,39,1780,35004000,0
54,1417723396,984987319,26,40,39,973,34824000,0
54,1417723396,984987319,41,40,39,648,34887000,0
54,1417723396,985987306,28,40,41,1779,35241000,0
55,1417723396,985987306,33,40,39,648,35184000,0
55,1417723396,985987306,48,40,39,1773,35420000,1
55,1417723396,988987268,50,40,39,965,34245000,0
55,1417723396,994987190,29,40,39,585,35344000,0
55,1417723396,994987190,42,40,39,918,35180000,0
56,1417723396,994987190,27,40,40,1038,35277000,0
56,1417723396,994987190,46,40,39,921,34543000,0
56,1417723396,996987165,39,40,39,1033,34448000,0
56,1417723397,3999949,49,40,39,648,34709000,0
56,1417723397,3999949,44,40,40,1795,35050000,0
57,1417723397,4999936,30,40,39,976,35163000,0
57,1417723397,4999936,34,40,39,976,34913000,0
57,1417723397,4999936,37,40,39,648,34726000,0
57,1417723397,8999885,35,40,39,1028,35470000,1
57,1417723397,8999885,47,40,40,1038,34949000,0
58,1417723397,8999885,40,40,41,1774,35454000,1
58,1417723397,10999859,38,40,39,976,34948000,0
58,1417723397,18999756,43,40,39,1012,35010000,0
58,1417723397,18999756,31,40,39,1028,34366000,0
58,1417723397,18999756,45,40,39,648,34374000,0
59,1417723397,19999743,32,40,40,1795,35039000,0
59,1417723397,19999743,36,40,41,1774,34762000,0
59,1417723397,19999743,26,40,39,973,35019000,0
59,1417723397,19999743,41,40,39,648,35403000,1
59,1417723397,20999730,33,40,39,648,35193000,0
60,1417723397,20999730,28,40,41,1779,35240000,0
60,1417723397,20999730,48,40,39,1773,35180000,0
60,1417723397,24999679,50,40,39,965,34231000,0
60,1417723397,29999614,29,40,39,585,35321000,0
60,1417723397,29999614,27,40,39,1033,35559000,2
61,1417723397,30999601,42,40,39,918,35104000,0
61,1417723397,30999601,46,40,39,918,35360000,0
61,1417723397,31999589,39,40,39,1033,35111000,0
61,1417723397,39999486,49,40,39,648,34549000,0
61,1417723397,39999486,30,40,39,973,35193000,0
62,1417723397,39999486,34,40,39,976,35181000,0
62,1417723397,39999486,44,40,40,1795,35364000,0
62,1417723397,39999486,37,40,39,648,35267000,0
62,1417723397,43999434,35,40,39,1028,35229000,0
62,1417723397,44999421,47,40,39,1033,35065000,0
63,1417723397,44999421,40,40,41,1774,35351000,0
63,1417723397,46999395,45,40,39,648,35015000,0
63,1417723397,54999292,31,40,39,1028,34287000,0
63,1417723397,54999292,38,40,39,976,34626000,0
63,1417723397,54999292,43,40,39,1012,35324000,0
64,1417723397,54999292,32,40,40,1795,35017000,0
64,1417723397,54999292,26,40,39,965,34736000,0
64,1417723397,54999292,36,40,41,1779,34823000,0
64,1417723397,54999292,41,40,39,648,35599000,1
64,1417723397,55999280,33,40,39,648,35192000,0
65,1417723397,56999267,28,40,41,1779,35225000,0
65,1417723397,56999267,48,40,39,1773,35282000,0
65,1417723397,59999228,50,40,38,951,35432000,1
65,1417723397,65999151,29,40,39,585,35242000,0
65,1417723397,65999151,27,40,39,1033,35246000,0
66,1417723397,65999151,42,40,39,919,35689000,0
66,1417723397,65999151,46,40,39,918,35230000,0
66,1417723397,66999138,39,40,39,1028,34601000,0
66,1417723397,74999035,49,40,39,648,35099000,0
66,1417723397,74999035,30,40,39,973,35154000,0
67,1417723397,74999035,34,40,39,973,34944000,0
67,1417723397,74999035,44,40,40,1795,35787000,0
67,1417723397,74999035,37,40,39,648,35131000,0
67,1417723397,79998971,35,40,39,1028,35229000,0
67,1417723397,79998971,47,40,39,1033,35216000,0
68,1417723397,79998971,40,40,41,1774,35332000,0
68,1417723397,81998945,43,40,40,1022,34814000,0
68,1417723397,89998842,38,40,39,973,35008000,0
68,1417723397,89998842,31,40,39,1028,35031000,0
68,1417723397,89998842,45,40,39,648,34714000,0
69,1417723397,89998842,32,40,40,1795,35314000,0
69,1417723397,89998842,36,40,41,1779,34927000,0
69,1417723397,89998842,26,40,39,965,35214000,0
69,1417723397,90998829,41,40,33,585,34911000,0
69,1417723397,91998816,28,40,40,1777,35193000,0
70,1417723397,91998816,33,40,39,648,35222000,0
70,1417723397,91998816,48,40,39,1773,35301000,0
70,1417723397,94998777,50,40,39,951,35044000,0
70,1417723397,100998700,27,40,39,1033,34312000,0
70,1417723397,100998700,29,40,39,585,34273000,0
71,1417723397,100998700,42,40,39,919,34771000,0
71,1417723397,100998700,46,40,39,918,35206000,0
71,1417723397,102998674,49,40,39,648,33779000,0
71,1417723397,109998584,39,40,39,1028,35107000,0
71,1417723397,109998584,30,40,39,973,34610000,0
72,1417723397,109998584,34,40,39,973,34387000,0
72,1417723397,109998584,44,40,41,1812,35220000,0
72,1417723397,110998571,37,40,39,648,35240000,0
72,1417723397,114998520,35,40,39,1028,35260000,0
72,1417723397,114998520,47,40,39,1033,35553000,5
73,1417723397,114998520,40,40,41,1779,35263001,0
73,1417723397,116998494,31,40,39,1022,34659000,0
73,1417723397,124998391,45,40,39,648,34820000,0
73,1417723397,124998391,38,40,39,973,34758001,0
73,1417723397,124998391,43,40,40,1022,34975001,0
74,1417723397,125998378,32,40,41,1812,34929001,0
74,1417723397,125998378,36,40,41,1779,34873000,0
74,1417723397,125998378,26,40,39,965,35170001,0
74,1417723397,125998378,41,40,34,585,35341000,1
74,1417723397,126998365,33,40,39,648,35155000,0
75,1417723397,126998365,28,40,40,1777,35217000,0
75,1417723397,126998365,48,40,39,1780,35350000,0
75,1417723397,130998314,50,40,39,951,34202001,0
75,1417723397,135998250,29,40,35,542,35338000,0
75,1417723397,135998250,27,40,39,1028,35220000,0
76,1417723397,135998250,42,40,39,919,35362001,1
76,1417723397,136998237,46,40,39,918,35401001,4
76,1417723397,136998237,49,40,39,648,34978000,0
76,1417723397,144998134,39,40,39,1028,34938000,0
76,1417723397,144998134,30,40,39,965,35195000,0
77,1417723397,145998121,34,40,39,973,35126001,0
77,1417723397,145998121,44,40,41,1812,35259001,0
77,1417723397,145998121,35,40,39,1022,35277000,0
77,1417723397,149998069,37,40,39,648,35199001,0
77,1417723397,149998069,47,40,39,1028,35275001,0
78,1417723397,150998056,40,40,41,1779,35341000,0
78,1417723397,152998031,31,40,39,1022,34309000,0
78,1417723397,159997941,45,40,39,648,34748000,0
78,1417723397,160997928,38,40,39,973,34669001,0
78,1417723397,160997928,43,40,40,1022,35285000,0
79,1417723397,160997928,32,40,41,1812,34942001,0
79,1417723397,160997928,36,40,40,1777,35015001,0
79,1417723397,160997928,26,40,38,951,35333000,0
79,1417723397,160997928,41,40,35,585,35529001,1
79,1417723397,161997915,28,40,40,1777,35265001,0
80,1417723397,161997915,33,40,39,648,35165001,0
80,1417723397,161997915,48,40,39,1780,35312001,0
80,1417723397,165997863,50,40,39,951,34164000,0
80,1417723397,171997786,29,40,36,542,35417001,0
80,1417723397,171997786,27,40,39,1028,35264001,0
81,1417723397,171997786,42,40,39,916,35698001,2
81,1417723397,171997786,46,40,39,919,35253000,0
81,1417723397,171997786,39,40,39,1028,35124001,0
81,1417723397,180997670,49,40,39,648,34828001,0
81,1417723397,180997670,34,40,39,965,34916001,0
82,1417723397,180997670,30,40,39,965,34961000,0
82,1417723397,180997670,44,40,41,1812,35217001,0
82,1417723397,180997670,37,40,39,648,35209001,0
82,1417723397,184997619,35,40,39,1022,35342001,0
82,1417723397,185997606,47,40,39,1028,35247001,0
83,1417723397,185997606,40,40,41,1779,34993001,0
83,1417723397,187997580,43,40,39,1020,35056001,0
83,1417723397,195997477,38,40,39,965,34772001,0
83,1417723397,195997477,31,40,39,1022,35109001,0
83,1417723397,195997477,45,40,39,648,34534001,0
84,1417723397,195997477,32,40,41,1812,35188001,0
84,1417723397,195997477,26,40,39,951,34656001,0
84,1417723397,195997477,36,40,40,1777,34936001,0
84,1417723397,195997477,41,40,36,585,35364001,0
84,1417723397,197997451,28,40,39,1773,35207001,0
85,1417723397,197997451,33,40,39,648,35249001,0
85,1417723397,197997451,48,40,39,1780,35110001,0
85,1417723397,200997413,50,40,38,936,34010001,0
85,1417723397,206997335,29,40,37,542,35266001,0
85,1417723397,206997335,27,40,39,1028,34500001,0
86,1417723397,206997335,42,40,39,916,35006001,0
86,1417723397,206997335,46,40,39,919,35121001,0
86,1417723397,206997335,39,40,39,1022,34907001,0
86,1417723397,215997220,49,40,39,648,34965001,0
86,1417723397,215997220,34,40,39,965,35156001,0
87,1417723397,215997220,30,40,39,965,34976001,0
87,1417723397,215997220,44,40,41,1812,35253001,0
87,1417723397,215997220,37,40,39,648,35286001,0
87,1417723397,220997155,35,40,39,1022,35174001,0
87,1417723397,220997155,47,40,39,1028,35335001,0
88,1417723397,220997155,40,40,40,1777,35440001,1
88,1417723397,222997129,43,40,39,1020,34691001,0
88,1417723397,230997026,31,40,39,1013,35119001,0
88,1417723397,230997026,38,40,39,965,34396001,0
88,1417723397,230997026,45,40,39,648,35032001,0
89,1417723397,230997026,32,40,41,1812,34966001,0
89,1417723397,230997026,26,40,39,951,35074001,0
89,1417723397,231997014,36,40,40,1777,34474001,0
89,1417723397,231997014,41,40,37,585,36215001,1
89,1417723397,232997001,33,40,39,648,36319001,1
90,1417723397,232997001,28,40,39,1773,36469001,1
90,1417723397,232997001,48,40,40,1795,35361001,0
90,1417723397,236996949,50,40,39,936,34235001,0
90,1417723397,241996885,27,40,39,1028,35251001,0
90,1417723397,241996885,42,40,39,916,35257001,0
91,1417723397,241996885,46,40,39,919,35352001,1
91,1417723397,242996872,29,40,38,542,35223001,0
91,1417723397,242996872,49,40,39,648,35439001,2
91,1417723397,250996769,39,40,39,1022,34454001,0
91,1417723397,250996769,34,40,39,965,35026001,0
92,1417723397,250996769,30,40,38,951,34682001,0
92,1417723397,251996756,44,40,39,1797,35250001,0
92,1417723397,251996756,35,40,39,1013,34809001,0
92,1417723397,255996705,37,40,39,648,34002001,0
92,1417723397,255996705,47,40,39,1028,35647001,1
93,1417723397,255996705,40,40,40,1777,35193001,0
93,1417723397,258996666,38,40,39,965,34732001,0
93,1417723397,265996576,31,40,39,1013,34561001,0
93,1417723397,265996576,43,40,39,1020,34900001,0
93,1417723397,266996563,32,40,39,1797,35103001,0
94,1417723397,266996563,45,40,39,648,35309001,0
94,1417723397,266996563,26,40,39,951,35447001,0
94,1417723397,266996563,36,40,39,1773,35785001,0
94,1417723397,266996563,33,40,39,648,35595001,1
94,1417723397,267996550,41,40,38,585,37210001,12
95,1417723397,267996550,28,40,39,1773,35944001,1
95,1417723397,267996550,48,40,40,1795,35421001,0
95,1417723397,271996499,50,40,39,936,34367001,0
95,1417723397,277996421,27,40,39,1022,35067001,0
95,1417723397,277996421,42,40,39,908,35351001,2
96,1417723397,277996421,46,40,39,916,35409001,2
96,1417723397,277996421,29,40,39,542,35538001,0
96,1417723397,277996421,39,40,39,1022,34593001,0
96,1417723397,286996306,34,40,38,951,35157001,0
96,1417723397,286996306,49,40,39,648,35061001,0
97,1417723397,286996306,30,40,39,951,35015001,0
97,1417723397,286996306,44,40,39,1797,35198001,0
97,1417723397,286996306,35,40,39,1013,35452001,2
97,1417723397,290996254,37,40,39,648,35192001,0
97,1417723397,291996241,47,40,39,1022,35311001,1
98,1417723397,291996241,40,40,40,1777,35325001,0
98,1417723397,293996215,31,40,39,1013,33203001,0
98,1417723397,301996112,43,40,39,1017,34226001,0
98,1417723397,301996112,32,40,39,1797,34570001,0
98,1417723397,301996112,38,40,38,951,35077001,0
99,1417723397,301996112,45,40,33,585,34404001,0
99,1417723397,301996112,26,40,38,936,35174001,0
99,1417723397,301996112,36,40,39,1773,35215001,0
99,1417723397,301996112,41,40,39,585,34987001,0
99,1417723397,302996100,33,40,39,648,34255001,0
100,1417723397,303996087,28,40,39,1773,34664001,0
100,1417723397,303996087,48,40,40,1795,35167001,0
100,1417723397,306996048,50,40,38,921,34360001,0
100,1417723397,312995971,46,40,39,916,35197001,0
100,1417723397,312995971,42,40,39,908,35243001,0
101,1417723397,312995971,27,40,39,1022,34491001,0
101,1417723397,312995971,29,40,39,542,35211001,0
101,1417723397,312995971,39,40,39,1013,34623001,0
101,1417723397,321995855,34,40,39,951,34472001,0
101,1417723397,321995855,30,40,39,951,34692001,0
102,1417723397,321995855,44,40,39,1797,35395001,6
102,1417723397,321995855,49,40,39,648,35527001,0
102,1417723397,321995855,35,40,39,1013,35099001,0
102,1417723397,326995791,37,40,33,585,35283001,0
102,1417723397,326995791,47,40,39,1022,35180001,0
103,1417723397,326995791,40,40,39,1773,35318001,0
103,1417723397,328995765,38,40,39,951,34929001,0
103,1417723397,336995662,31,40,39,1012,34567001,0
103,1417723397,336995662,32,40,39,1797,34685001,0
103,1417723397,336995662,43,40,39,1017,34473001,0
104,1417723397,336995662,26,40,39,936,35498001,2
104,1417723397,336995662,45,40,34,585,34832001,0
104,1417723397,336995662,36,40,39,1773,35027001,0
104,1417723397,337995649,41,40,39,585,35162001,0
104,1417723397,338995636,33,40,39,648,35528001,2
105,1417723397,338995636,28,40,39,1780,35235001,0
105,1417723397,338995636,48,40,41,1812,35293001,0
105,1417723397,342995585,50,40,39,921,34347001,0
105,1417723397,347995520,46,40,39,916,35160001,0
105,1417723397,347995520,42,40,39,908,34323001,0
106,1417723397,347995520,27,40,39,1022,34814001,0
106,1417723397,348995507,29,40,39,542,35458001,3
106,1417723397,348995507,34,40,39,951,34889001,0
106,1417723397,356995404,39,40,39,1013,34845001,0
106,1417723397,356995404,30,40,39,951,35296001,0
107,1417723397,356995404,44,40,40,1807,35398001,1
107,1417723397,356995404,49,40,33,585,35997001,1
107,1417723397,356995404,37,40,34,585,35177001,0
107,1417723397,361995340,35,40,39,1012,34880001,0
107,1417723397,361995340,47,40,39,1022,34918001,0
108,1417723397,361995340,40,40,39,1773,35190001,0
108,1417723397,364995301,43,40,39,1017,34944001,0
108,1417723397,371995211,32,40,40,1807,35272001,0
108,1417723397,371995211,31,40,39,1012,35047001,0
108,1417723397,371995211,38,40,39,951,35403001,0
109,1417723397,372995198,26,40,39,936,35438001,3
109,1417723397,372995198,45,40,35,585,35706001,5
109,1417723397,372995198,36,40,39,1773,35479001,1
109,1417723397,372995198,41,40,39,585,35469001,1
109,1417723397,372995198,28,40,39,1780,35633001,1
110,1417723397,373995185,33,40,33,585,36170001,0
110,1417723397,374995173,48,40,41,1812,35521001,0
110,1417723397,377995134,50,40,39,921,35471001,1
110,1417723397,382995070,46,40,39,908,34793001,0
110,1417723397,383995057,27,40,39,1013,35119001,0
111,1417723397,383995057,29,40,39,542,34870001,0
111,1417723397,383995057,42,40,39,908,34654001,0
111,1417723397,384995044,34,40,39,951,35307001,0
111,1417723397,392994941,30,40,38,936,35271001,0
111,1417723397,392994941,39,40,39,1013,34546001,0
112,1417723397,392994941,44,40,40,1807,35410001,2
112,1417723397,392994941,49,40,34,585,34969001,0
112,1417723397,392994941,35,40,39,1012,35445001,2
112,1417723397,397994876,37,40,35,585,35348001,0
112,1417723397,397994876,47,40,39,1013,35176001,0
113,1417723397,397994876,40,40,39,1773,35199001,0
113,1417723397,399994851,38,40,39,951,34366001,0
113,1417723397,407994748,31,40,39,1012,34919001,0
113,1417723397,407994748,32,40,40,1807,34501001,0
113,1417723397,407994748,43,40,39,1017,35264001,0
114,1417723397,407994748,26,40,38,921,34679001,0
114,1417723397,407994748,45,40,36,585,34968001,0
114,1417723397,407994748,41,40,39,585,34957001,0
114,1417723397,407994748,36,40,39,1780,35026001,0
114,1417723397,407994748,28,40,39,1780,34469001,0
115,1417723397,409994722,33,40,34,585,34869001,0
115,1417723397,409994722,48,40,41,1812,35189001,0
115,1417723397,412994683,50,40,39,918,34348001,0
115,1417723397,418994606,27,40,39,1013,34859001,0
115,1417723397,418994606,46,40,39,908,35099001,0
116,1417723397,418994606,29,40,39,542,34945001,0
116,1417723397,418994606,42,40,38,894,34821001,0
116,1417723397,419994593,34,40,38,936,34727001,0
116,1417723397,427994490,30,40,39,936,35262001,0
116,1417723397,427994490,39,40,39,1012,35345001,0
117,1417723397,427994490,44,40,40,1807,34902001,0
117,1417723397,427994490,49,40,35,585,35091001,0
117,1417723397,427994490,37,40,36,585,35290001,0
117,1417723397,431994439,35,40,39,1012,35304001,0
117,1417723397,432994426,47,40,39,1013,35131001,0
118,1417723397,432994426,40,40,39,1773,35346001,0
118,1417723397,434994400,38,40,38,936,34520001,0
118,1417723397,442994297,32,40,40,1807,34792001,0
118,1417723397,442994297,31,40,39,1012,34859001,0
118,1417723397,442994297,43,40,39,1013,35088001,0
119,1417723397,442994297,26,40,39,921,34691001,0
119,1417723397,442994297,45,40,37,585,35468001,2
119,1417723397,442994297,36,40,39,1780,35117001,0
119,1417723397,442994297,41,40,39,585,35469001,1
119,1417723397,443994284,28,40,40,1795,34679001,0
120,1417723397,444994271,33,40,35,585,35251001,0
120,1417723397,444994271,48,40,41,1812,29771001,0
120,1417723397,447994233,50,40,39,918,34472001,0
120,1417723397,453994155,29,40,39,542,34938001,0
120,1417723397,453994155,27,40,39,1013,35225001,0
121,1417723397,453994155,46,40,39,908,35227001,0
121,1417723397,453994155,42,40,39,894,35300001,1
121,1417723397,453994155,30,40,39,936,34493001,0
121,1417723397,462994040,34,40,39,936,35003001,0
121,1417723397,462994040,44,40,40,1809,34691001,0
122,1417723397,462994040,39,40,39,1012,34925001,0
122,1417723397,462994040,49,40,36,585,34804001,0
122,1417723397,462994040,35,40,39,1012,35278001,0
122,1417723397,467993975,37,40,37,585,35307001,0
122,1417723397,467993975,47,40,39,1013,35328001,1
123,1417723397,467993975,40,40,39,1780,35448001,0
123,1417723397,469993949,31,40,40,1022,34942001,0
123,1417723397,477993846,32,40,40,1809,34921001,0
123,1417723397,477993846,43,40,39,1013,34852001,0
123,1417723397,478993834,38,40,39,936,34639001,0
124,1417723397,478993834,26,40,39,921,35024001,0
124,1417723397,478993834,45,40,38,585,35479001,0
124,1417723397,478993834,41,40,39,585,35225001,0
124,1417723397,478993834,28,40,40,1795,35352001,1
124,1417723397,479993821,36,40,39,1780,36759001,3
125,1417723397,479993821,33,40,36,585,35322001,0
125,1417723397,479993821,48,40,39,1797,29878001,0
125,1417723397,483993769,50,40,39,918,35419001,1
125,1417723397,488993705,29,40,39,542,35165001,0
125,1417723397,488993705,27,40,39,1012,35221001,0
126,1417723397,489993692,46,40,39,908,34580001,0
126,1417723397,489993692,42,40,39,894,35432001,3
126,1417723397,489993692,34,40,39,936,35430001,2
126,1417723397,497993589,30,40,38,921,35206001,0
126,1417723397,497993589,44,40,40,1809,34675001,0
127,1417723397,497993589,49,40,37,585,35691001,2
127,1417723397,497993589,39,40,39,1012,35262001,0
127,1417723397,498993576,35,40,40,1022,33695001,0
127,1417723397,502993525,37,40,38,585,33927001,0
127,1417723397,502993525,47,40,39,1012,34919001,0
128,1417723397,502993525,40,40,39,1780,35280001,0
128,1417723397,505993486,32,40,40,1809,34690001,0
128,1417723397,513993383,43,40,39,1013,34732001,0
128,1417723397,513993383,38,40,39,936,34336001,0
128,1417723397,513993383,31,40,40,1022,34807001,0
129,1417723397,513993383,26,40,39,918,35197001,0
129,1417723397,513993383,45,40,39,585,34879001,0
129,1417723397,513993383,41,40,39,585,34869001,0
129,1417723397,513993383,28,40,40,1795,35586001,1
129,1417723397,514993370,36,40,40,1795,35216001,0
130,1417723397,514993370,33,40,37,585,35255001,0
130,1417723397,515993357,48,40,39,1797,35402001,1
130,1417723397,518993319,50,40,39,918,34230001,0
130,1417723397,524993241,29,40,39,542,35149001,0
130,1417723397,524993241,27,40,39,1012,35274001,0
131,1417723397,524993241,46,40,38,894,34773001,0
131,1417723397,524993241,42,40,38,875,35236001,0
131,1417723397,524993241,30,40,39,921,35187002,0
131,1417723397,532993138,34,40,38,921,35015001,0
131,1417723397,533993126,44,40,40,1809,34828002,0
132,1417723397,533993126,49,40,38,585,34666001,0
132,1417723397,533993126,39,40,39,1012,35660002,1
132,1417723397,533993126,35,40,40,1022,34911001,0
132,1417723397,537993074,37,40,39,585,35168001,0
132,1417723397,537993074,47,40,39,1012,35010002,0
133,1417723397,538993061,40,40,39,1780,35329001,0
133,1417723397,540993035,31,40,40,1022,34470002,0
133,1417723397,548992932,43,40,39,1007,34940001,0
133,1417723397,548992932,32,40,40,1809,35182001,0
133,1417723397,548992932,38,40,38,921,35011001,0
134,1417723397,548992932,26,40,39,918,34964001,0
134,1417723397,548992932,45,40,39,585,35140001,0
134,1417723397,548992932,41,40,35,542,34672001,0
134,1417723397,548992932,28,40,41,1812,36445001,12
134,1417723397,548992932,36,40,40,1795,35151001,0
135,1417723397,550992907,33,40,38,585,35246002,0
135,1417723397,550992907,48,40,39,1797,29770002,0
135,1417723397,553992868,50,40,39,919,34413002,0
135,1417723397,559992791,29,40,39,542,34434001,0
135,1417723397,559992791,46,40,39,894,34997001,0
136,1417723397,559992791,27,40,39,1012,34658002,0
136,1417723397,559992791,42,40,39,875,35237001,0
136,1417723397,559992791,30,40,39,921,35121002,0
136,1417723397,568992675,44,40,40,1809,34363001,0
136,1417723397,568992675,34,40,39,921,35074002,0
137,1417723397,568992675,49,40,39,585,34645002,0
137,1417723397,568992675,39,40,40,1022,35836002,0
137,1417723397,568992675,35,40,40,1022,35558002,2
137,1417723397,573992611,37,40,39,585,35281002,0
137,1417723397,573992611,47,40,39,1012,35203002,0
138,1417723397,573992611,40,40,40,1795,35384002,0
138,1417723397,575992585,43,40,39,1007,34210002,0
138,1417723397,583992482,31,40,39,1020,32681002,0
138,1417723397,584992469,26,40,39,918,32577002,0
138,1417723397,584992469,38,40,39,921,34979002,0
139,1417723397,584992469,32,40,40,1809,34129002,0
139,1417723397,584992469,45,40,39,585,30887002,0
139,1417723397,584992469,41,40,36,542,33396002,0
139,1417723397,584992469,36,40,40,1795,35319001,1
139,1417723397,584992469,28,40,41,1812,33269001,0
140,1417723397,584992469,33,40,39,585,35328002,0
140,1417723397,586992443,48,40,40,1807,35412001,1
140,1417723397,589992405,50,40,39,919,34519002,0
140,1417723397,595992327,46,40,39,894,35186002,0
140,1417723397,595992327,27,40,39,1012,35135002,0
141,1417723397,595992327,29,40,39,542,35350002,0
141,1417723397,595992327,42,40,39,875,35686002,3
141,1417723397,595992327,30,40,39,918,35042002,0
141,1417723397,603992224,44,40,39,1796,34680002,0
141,1417723397,603992224,34,40,39,921,34981002,0
142,1417723397,603992224,49,40,39,585,34188002,0
142,1417723397,604992211,39,40,40,1022,36213002,2
142,1417723397,604992211,37,40,39,585,34623002,0
142,1417723397,608992160,35,40,39,1020,34861002,0
142,1417723397,608992160,47,40,39,1012,35539002,3
143,1417723397,609992147,40,40,40,1795,35479002,1
143,1417723397,611992121,43,40,39,1007,34718002,0
143,1417723397,619992018,26,40,39,918,34825002,0
143,1417723397,619992018,31,40,39,1020,34504002,0
143,1417723397,619992018,38,40,39,921,35167002,0
144,1417723397,619992018,32,40,39,1796,34952002,0
144,1417723397,619992018,45,40,39,585,35211002,0
144,1417723397,619992018,41,40,37,542,35269002,0
144,1417723397,619992018,36,40,41,1812,35186002,0
144,1417723397,619992018,28,40,41,1812,35131002,0
145,1417723397,620992005,33,40,39,585,35287002,0
145,1417723397,621991993,48,40,40,1807,35334002,0
145,1417723397,624991954,50,40,39,919,32624002,0
145,1417723397,630991877,46,40,38,875,34373002,0
145,1417723397,630991877,27,40,40,1022,34773002,0
146,1417723397,630991877,29,40,39,542,31476002,0
146,1417723397,630991877,42,40,39,867,34721002,0
146,1417723397,630991877,30,40,39,918,35115002,0
146,1417723397,638991774,44,40,39,1796,34071002,0
146,1417723397,639991761,34,40,39,918,34192002,0
147,1417723397,639991761,49,40,39,585,35450002,1
147,1417723397,639991761,39,40,40,1022,35081002,0
147,1417723397,639991761,37,40,39,585,35123002,0
147,1417723397,644991696,35,40,39,1020,35375002,2
147,1417723397,644991696,47,40,40,1022,34885002,0
148,1417723397,644991696,40,40,40,1795,35318002,0
148,1417723397,646991671,31,40,39,1020,34714002,0
148,1417723397,654991568,26,40,39,919,34791002,0
148,1417723397,654991568,43,40,39,1005,34564002,0
148,1417723397,654991568,38,40,39,918,34854002,0
149,1417723397,654991568,32,40,39,1796,34718002,0
149,1417723397,654991568,45,40,39,585,34935002,0
149,1417723397,654991568,41,40,38,542,35094002,0
149,1417723397,655991555,36,40,41,1812,35044002,0
149,1417723397,655991555,28,40,41,1812,35279002,0
150,1417723397,655991555,33,40,39,585,35265002,0
150,1417723397,656991542,48,40,40,1807,35349002,0
150,1417723397,659991503,50,40,39,916,34464002,0
150,1417723397,665991426,27,40,40,1022,35361002,2
150,1417723397,665991426,46,40,39,875,35164002,0
151,1417723397,665991426,29,40,39,542,35314002,0
151,1417723397,665991426,42,40,39,867,35474002,0
151,1417723397,665991426,30,40,39,918,34931002,0
151,1417723397,674991310,44,40,39,1796,35102002,0
151,1417723397,674991310,34,40,39,918,35287002,0
152,1417723397,674991310,49,40,39,585,35741002,1
152,1417723397,674991310,39,40,39,1020,31037002,0
152,1417723397,674991310,37,40,39,585,35448002,0
152,1417723397,679991246,35,40,39,1020,34966002,0
152,1417723397,679991246,47,40,40,1022,35722002,2
153,1417723397,679991246,40,40,41,1812,35265002,0
153,1417723397,681991220,38,40,39,918,35006002,0
153,1417723397,689991117,31,40,39,1017,35107002,0
153,1417723397,689991117,26,40,39,919,34908002,0
153,1417723397,690991104,43,40,39,1005,35125002,0
154,1417723397,690991104,32,40,39,1796,35341002,0
154,1417723397,690991104,45,40,39,585,35169002,0
154,1417723397,690991104,41,40,39,542,35279002,0
154,1417723397,690991104,28,40,39,1797,35156002,0
154,1417723397,690991104,36,40,41,1812,35111002,0
155,1417723397,690991104,33,40,39,585,35342002,0
155,1417723397,692991078,48,40,40,1809,35324002,0
155,1417723397,695991040,50,40,39,916,34468002,0
155,1417723397,700990975,46,40,39,875,35094002,0
155,1417723397,701990963,27,40,40,1022,35271002,0
156,1417723397,701990963,29,40,39,542,35218002,0
156,1417723397,701990963,42,40,39,867,35635002,4
156,1417723397,701990963,44,40,40,1812,35139002,0
156,1417723397,709990860,30,40,39,918,34149002,0
156,1417723397,709990860,34,40,39,918,34966002,0
157,1417723397,709990860,49,40,39,585,34098002,0
157,1417723397,710990847,39,40,39,1020,35321002,1
157,1417723397,710990847,37,40,39,585,34731002,0
157,1417723397,714990795,35,40,39,1017,34767002,0
157,1417723397,714990795,47,40,40,1022,34969002,0
158,1417723397,715990782,40,40,41,1812,35320002,0
158,1417723397,716990769,43,40,39,1005,35037002,0
158,1417723397,724990666,26,40,39,919,34519002,0
158,1417723397,724990666,31,40,39,1017,35003002,0
158,1417723397,725990654,38,40,39,918,34740002,0
159,1417723397,725990654,32,40,40,1812,34915002,0
159,1417723397,725990654,45,40,39,585,34579002,0
159,1417723397,725990654,41,40,39,542,35572002,1
159,1417723397,725990654,36,40,41,1812,35096002,0
159,1417723397,725990654,28,40,39,1797,35108002,0
160,1417723397,725990654,33,40,39,585,35284002,0
160,1417723397,727990628,48,40,40,1809,35259002,0
160,1417723397,730990589,50,40,39,916,35403002,1
160,1417723397,735990525,27,40,39,1020,35330002,0
160,1417723397,736990512,46,40,39,867,35353002,0
161,1417723397,736990512,29,40,39,542,35248002,0
161,1417723397,736990512,42,40,39,867,35146002,0
161,1417723397,736990512,44,40,40,1812,35038002,0
161,1417723397,744990409,30,40,39,919,35406002,1
161,1417723397,744990409,49,40,39,585,35575002,5
162,1417723397,745990396,34,40,39,918,34897002,0
162,1417723397,745990396,39,40,39,1020,35257002,0
162,1417723397,745990396,37,40,39,585,34940002,0
162,1417723397,749990345,35,40,39,1017,35283002,0
162,1417723397,750990332,47,40,39,1020,35197002,0
163,1417723397,750990332,40,40,41,1812,35281002,0
163,1417723397,752990306,38,40,39,918,34703002,0
163,1417723397,760990203,31,40,39,1017,34280002,0
163,1417723397,760990203,43,40,39,1005,35050002,0
163,1417723397,760990203,26,40,39,916,34785002,0
164,1417723397,760990203,32,40,40,1812,34818002,0
164,1417723397,760990203,45,40,35,542,35160002,0
164,1417723397,760990203,41,40,39,542,35369002,1
164,1417723397,760990203,28,40,39,1797,35854002,3
164,1417723397,760990203,36,40,39,1797,34984002,0
165,1417723397,760990203,33,40,39,585,32365002,0
165,1417723397,762990177,48,40,40,1809,29688002,0
165,1417723397,765990139,50,40,39,908,35431002,0
165,1417723397,771990061,27,40,39,1020,35301002,0
165,1417723397,771990061,46,40,39,867,35408002,0
166,1417723397,771990061,29,40,39,542,35442002,3
166,1417723397,771990061,42,40,39,863,35538002,4
166,1417723397,771990061,30,40,39,919,35001002,0
166,1417723397,780989946,44,40,40,1812,35345002,0
166,1417723397,780989946,49,40,39,585,35226002,0
167,1417723397,780989946,34,40,39,919,35286002,0
167,1417723397,780989946,39,40,39,1017,35127002,0
167,1417723397,780989946,47,40,39,1020,35164002,0
167,1417723397,785989881,37,40,35,542,34911002,0
167,1417723397,785989881,35,40,39,1017,34870002,0
168,1417723397,785989881,40,40,41,1812,35315000,0
168,1417723397,787989855,38,40,39,919,34858000,0
168,1417723397,795989752,31,40,39,1017,35172000,0
168,1417723397,795989752,43,40,39,1012,34830000,0
168,1417723397,795989752,26,40,39,916,34603000,0
169,1417723397,795989752,45,40,36,542,34610000,0
169,1417723397,795989752,32,40,40,1812,35328000,0
169,1417723397,795989752,41,40,39,542,35082000,0
169,1417723397,795989752,28,40,40,1807,35172000,0
169,1417723397,796989740,36,40,39,1797,35104000,0
170,1417723397,796989740,33,40,39,585,32277000,0
170,1417723397,797989727,48,40,40,1809,35408000,1
170,1417723397,800989688,50,40,39,908,35375000,0
170,1417723397,806989611,27,40,39,1020,35214000,0
170,1417723397,806989611,29,40,39,542,35273000,0
171,1417723397,806989611,46,40,39,867,35117000,0
171,1417723397,806989611,42,40,39,863,35133000,0
171,1417723397,807989598,30,40,39,919,34967000,0
171,1417723397,815989495,49,40,35,542,34688000,0
171,1417723397,815989495,44,40,40,1820,34617000,0
172,1417723397,815989495,34,40,39,919,34972000,0
172,1417723397,815989495,39,40,39,1017,35481000,6
172,1417723397,816989482,47,40,39,1020,35134000,0
172,1417723397,820989431,35,40,39,1017,34673000,0
172,1417723397,820989431,37,40,36,542,35269000,0
173,1417723397,820989431,40,40,39,1797,35198000,0
173,1417723397,822989405,38,40,39,919,34121000,0
173,1417723397,830989302,31,40,39,1013,35192000,0
173,1417723397,830989302,26,40,39,916,34966000,0
173,1417723397,830989302,43,40,39,1012,33875000,0
174,1417723397,831989289,45,40,37,542,33810000,0
174,1417723397,831989289,32,40,40,1820,34608000,0
174,1417723397,831989289,41,40,39,542,35636000,1
174,1417723397,831989289,28,40,40,1807,35668000,2
174,1417723397,831989289,36,40,39,1797,35824000,2
175,1417723397,831989289,33,40,35,542,35450000,1
175,1417723397,833989263,48,40,39,1796,35324000,0
175,1417723397,836989225,50,40,39,908,35344000,0
175,1417723397,842989147,46,40,39,867,35216000,0
175,1417723397,842989147,29,40,39,542,35275000,0
176,1417723397,842989147,27,40,39,1017,35126000,0
176,1417723397,842989147,42,40,39,863,35184000,0
176,1417723397,842989147,30,40,39,916,35001000,0
176,1417723397,850989044,49,40,36,542,34595000,0
176,1417723397,850989044,44,40,40,1820,35148000,0
177,1417723397,850989044,34,40,39,919,35598000,1
177,1417723397,851989031,39,40,39,1017,35841000,2
177,1417723397,851989031,47,40,39,1017,34815000,0
177,1417723397,855988980,37,40,37,542,34924000,0
177,1417723397,855988980,35,40,39,1013,34828000,0
178,1417723397,855988980,40,40,39,1797,35172000,0
178,1417723397,858988941,38,40,39,919,35103000,0
178,1417723397,865988851,31,40,39,1013,35063000,0
178,1417723397,866988838,43,40,39,1012,35185000,0
178,1417723397,866988838,26,40,39,908,35158000,0
179,1417723397,866988838,45,40,38,542,35186000,0
179,1417723397,866988838,32,40,40,1820,34676000,0
179,1417723397,866988838,41,40,39,542,35587000,3
179,1417723397,866988838,28,40,40,1807,35003000,0
179,1417723397,866988838,36,40,40,1807,35091000,0
180,1417723397,866988838,33,40,36,542,35268000,0
180,1417723397,868988813,48,40,39,1796,35478000,0
180,1417723397,871988774,50,40,39,908,35579000,0
180,1417723397,877988697,29,40,39,542,35332000,0
180,1417723397,877988697,46,40,39,863,35323000,0
181,1417723397,877988697,27,40,39,1017,35210000,0
181,1417723397,877988697,42,40,39,857,35493000,0
181,1417723397,877988697,30,40,39,916,34944000,0
181,1417723397,885988594,49,40,37,542,34834000,0
181,1417723397,886988581,34,40,39,916,35241000,0
182,1417723397,886988581,39,40,39,1017,34959000,0
182,1417723397,886988581,44,40,40,1820,35744000,0
182,1417723397,886988581,47,40,39,1017,34995000,0
182,1417723397,891988516,37,40,38,542,35149000,0
182,1417723397,891988516,35,40,39,1013,34996000,0
183,1417723397,891988516,40,40,39,1797,35435000,1
183,1417723397,893988491,38,40,39,916,34984000,0
183,1417723397,902988375,31,40,39,1013,35053000,0
183,1417723397,902988375,26,40,39,908,35027000,0
183,1417723397,902988375,43,40,40,1026,34961000,0
184,1417723397,902988375,45,40,39,542,34959000,0
184,1417723397,902988375,32,40,40,1820,34977000,0
184,1417723397,902988375,41,40,39,542,34826000,0
184,1417723397,902988375,28,40,40,1809,35060000,0
184,1417723397,903988362,36,40,40,1807,35865000,5
185,1417723397,903988362,33,40,37,542,35384000,0
185,1417723397,904988349,48,40,39,1796,29295000,0
185,1417723397,907988310,50,40,38,894,32253000,0
185,1417723397,913988233,29,40,39,542,35264000,0
185,1417723397,913988233,46,40,39,863,35046000,0
186,1417723397,914988220,27,40,39,1017,33667000,0
186,1417723397,914988220,42,40,39,857,35119000,0
186,1417723397,914988220,30,40,39,916,34859000,0
186,1417723397,922988117,49,40,38,542,35512000,1
186,1417723397,922988117,39,40,39,1013,35066000,0
187,1417723397,922988117,34,40,39,916,34887000,0
187,1417723397,922988117,44,40,40,1820,35672000,4
187,1417723397,922988117,37,40,39,542,34629000,0
187,1417723397,927988053,35,40,39,1013,34518000,0
187,1417723397,927988053,47,40,39,1017,35004000,0
188,1417723397,927988053,40,40,40,1807,35321000,0
188,1417723397,929988027,43,40,40,1026,34979000,0
188,1417723397,937987924,31,40,39,1007,34307000,0
188,1417723397,937987924,26,40,39,908,34661000,0
188,1417723397,937987924,38,40,39,916,34840000,0
189,1417723397,937987924,45,40,39,542,35031000,0
189,1417723397,937987924,41,40,39,542,35596000,9
189,1417723397,937987924,36,40,40,1807,34899000,0
189,1417723397,938987911,28,40,40,1809,35172000,0
189,1417723397,939987898,33,40,38,542,35231000,0
190,1417723397,939987898,32,40,40,1820,35072000,0
190,1417723397,940987886,48,40,40,1812,35363000,1
190,1417723397,943987847,50,40,39,894,35334000,0
190,1417723397,949987770,46,40,39,863,35116000,0
190,1417723397,949987770,29,40,39,542,35274000,0
191,1417723397,949987770,27,40,39,1017,35423000,2
191,1417723397,949987770,42,40,39,857,35674000,2
191,1417723397,949987770,30,40,39,908,35478000,1
191,1417723397,957987667,39,40,39,1013,35090000,0
191,1417723397,957987667,49,40,39,542,35049000,0
192,1417723397,957987667,44,40,39,1815,35192000,0
192,1417723397,957987667,34,40,39,916,34971000,0
192,1417723397,957987667,37,40,39,542,34726000,0
192,1417723397,962987602,35,40,39,1007,34910000,0
192,1417723397,962987602,47,40,39,1017,35494000,0
193,1417723397,962987602,40,40,40,1807,35376000,1
193,1417723397,964987577,31,40,39,1007,33487000,0
193,1417723397,972987474,43,40,40,1026,34622000,0
193,1417723397,972987474,38,40,39,916,32529000,0
193,1417723397,972987474,26,40,39,908,33026000,0
194,1417723397,973987461,45,40,39,542,33279000,0
194,1417723397,973987461,36,40,40,1809,36412000,13
194,1417723397,973987461,41,40,39,542,35521000,0
194,1417723397,973987461,28,40,40,1809,37202000,2
194,1417723397,975987435,33,40,39,542,35607000,2
195,1417723397,975987435,32,40,39,1815,34971000,0
195,1417723397,975987435,48,40,40,1812,29503000,0
195,1417723397,978987396,50,40,39,894,35134000,0
195,1417723397,984987319,29,40,39,542,35237000,0
195,1417723397,984987319,46,40,39,857,35647000,1
196,1417723397,984987319,27,40,39,1013,35238000,0
196,1417723397,984987319,42,40,39,856,36181000,1
196,1417723397,984987319,30,40,39,908,34659000,0
196,1417723397,992987216,39,40,39,1013,35317000,0
196,1417723397,992987216,49,40,39,542,35016000,0
197,1417723397,993987203,44,40,39,1815,35014000,0
197,1417723397,993987203,34,40,39,908,35287000,0
197,1417723397,993987203,37,40,39,542,34888000,0
197,1417723397,998987139,35,40,39,1007,35102000,0
197,1417723397,998987139,47,40,39,1013,35504000,1
198,1417723397,998987139,40,40,40,1807,35255000,0
198,1417723398,999988,43,40,41,1037,34770000,0
198,1417723398,8999885,31,40,39,1007,34155000,0
198,1417723398,8999885,38,40,39,908,34027000,0
198,1417723398,8999885,45,40,39,542,32634000,0
199,1417723398,8999885,26,40,38,894,34350000,0
199,1417723398,8999885,36,40,40,1809,34607000,0
199,1417723398,8999885,41,40,39,542,36060000,1
199,1417723398,8999885,28,40,40,1809,34616000,0
199,1417723398,10999859,32,40,39,1815,34922000,0
200,1417723398,10999859,33,40,39,542,34911000,0
200,1417723398,10999859,48,40,40,1812,35456000,1
200,1417723398,13999820,50,40,38,875,35440000,1
200,1417723398,19999743,29,40,39,542,35198000,0
200,1417723398,19999743,46,40,39,857,34535000,0
201,1417723398,20999730,27,40,39,1013,35238000,0
201,1417723398,20999730,42,40,39,856,35442000,0
201,1417723398,20999730,39,40,39,1007,34785000,0
201,1417723398,28999627,30,40,39,908,35165000,0
201,1417723398,28999627,49,40,39,542,35742000,1
202,1417723398,28999627,44,40,39,1815,35062000,0
202,1417723398,28999627,34,40,39,908,34789000,0
202,1417723398,28999627,35,40,39,1007,34746000,0
202,1417723398,33999563,37,40,39,542,34913000,0
202,1417723398,33999563,47,40,39,1013,34937000,0
203,1417723398,33999563,40,40,40,1809,35174000,0
203,1417723398,35999537,43,40,41,1037,33981000,0
203,1417723398,43999434,31,40,39,1005,35172000,0
203,1417723398,43999434,38,40,39,908,35481000,2
203,1417723398,43999434,45,40,39,542,33724000,0
204,1417723398,43999434,26,40,39,894,35539000,2
204,1417723398,43999434,36,40,40,1809,35204000,0
204,1417723398,44999421,41,40,39,542,35199000,0
204,1417723398,44999421,32,40,39,1815,35215000,0
204,1417723398,45999408,28,40,39,1796,35394000,1
205,1417723398,45999408,33,40,39,542,35098000,0
205,1417723398,45999408,48,40,40,1820,29213000,0
205,1417723398,49999357,50,40,39,875,35085000,0
205,1417723398,55999280,29,40,39,542,35406000,1
205,1417723398,55999280,46,40,39,857,35086000,0
206,1417723398,55999280,27,40,39,1013,35524000,1
206,1417723398,55999280,42,40,39,856,33952000,0
206,1417723398,55999280,30,40,39,908,34646000,0
206,1417723398,63999177,39,40,39,1007,35265000,0
206,1417723398,63999177,49,40,39,542,35219000,0
207,1417723398,63999177,44,40,40,1833,35408000,6
207,1417723398,63999177,34,40,39,908,34945000,0
207,1417723398,63999177,35,40,39,1005,34825000,0
207,1417723398,68999112,37,40,39,542,34992000,0
207,1417723398,68999112,47,40,39,1013,34924000,0
208,1417723398,68999112,40,40,40,1809,35252000,0
208,1417723398,70999086,31,40,39,1005,35062000,0
208,1417723398,78998983,38,40,39,908,34403000,0
208,1417723398,79998971,45,40,39,542,35943000,2
208,1417723398,79998971,26,40,39,894,35950000,2
209,1417723398,79998971,43,40,41,1037,34328000,0
209,1417723398,79998971,36,40,40,1809,35300000,0
209,1417723398,79998971,41,40,39,542,36022000,11
209,1417723398,79998971,32,40,40,1833,36556000,4
209,1417723398,80998958,28,40,39,1796,34992000,0
210,1417723398,81998945,33,40,39,542,37516000,12
210,1417723398,81998945,48,40,40,1820,29233000,0
210,1417723398,84998906,50,40,39,875,35198000,0
210,1417723398,90998829,29,40,37,514,35271000,0
210,1417723398,90998829,46,40,39,856,35045000,0
211,1417723398,90998829,27,40,39,1007,34878000,0
211,1417723398,90998829,42,40,39,856,35344000,2
211,1417723398,90998829,39,40,39,1007,34719000,0
211,1417723398,98998726,30,40,38,894,35005000,0
211,1417723398,98998726,34,40,39,908,35167000,0
212,1417723398,98998726,44,40,40,1833,34820000,0
212,1417723398,98998726,49,40,39,542,35605000,0
212,1417723398,99998713,37,40,39,542,34518000,0
212,1417723398,103998662,47,40,39,1007,35249000,0
212,1417723398,104998649,35,40,39,1005,35020000,0
213,1417723398,104998649,40,40,40,1809,35094000,0
213,1417723398,105998636,31,40,39,1005,33685000,0
213,1417723398,114998520,38,40,39,908,33136000,0
213,1417723398,114998520,45,40,39,542,34286001,0
213,1417723398,114998520,26,40,38,875,33797000,0
214,1417723398,114998520,43,40,41,1037,35732000,0
214,1417723398,114998520,36,40,39,1796,35517000,1
214,1417723398,114998520,41,40,39,542,34805000,0
214,1417723398,114998520,32,40,40,1833,34894000,0
214,1417723398,116998494,28,40,39,1796,35165000,0
215,1417723398,116998494,33,40,39,542,31738000,0
215,1417723398,116998494,48,40,40,1820,35416000,1
215,1417723398,119998456,50,40,39,867,35185000,0
215,1417723398,125998378,29,40,38,514,34387000,0
215,1417723398,125998378,46,40,39,856,33933000,0
216,1417723398,125998378,27,40,39,1007,35381000,1
216,1417723398,125998378,42,40,39,851,35154001,0
216,1417723398,126998365,39,40,39,1005,34914000,0
216,1417723398,134998262,30,40,39,894,34874000,0
216,1417723398,134998262,34,40,38,894,34874000,0
217,1417723398,134998262,44,40,40,1833,35361000,0
217,1417723398,134998262,49,40,39,542,35175000,0
217,1417723398,134998262,35,40,39,1005,35221001,0
217,1417723398,139998198,37,40,39,542,35286000,0
217,1417723398,139998198,47,40,39,1007,34198000,0
218,1417723398,139998198,40,40,40,1809,35310000,0
218,1417723398,141998172,31,40,39,1005,35114001,0
218,1417723398,149998069,38,40,38,894,35089001,0
218,1417723398,149998069,26,40,39,875,34904001,0
218,1417723398,149998069,43,40,41,1038,34853001,0
219,1417723398,149998069,36,40,39,1796,35654001,5
219,1417723398,150998056,45,40,39,542,34388001,0
219,1417723398,150998056,41,40,39,542,35111001,0
219,1417723398,150998056,32,40,40,1833,35088000,0
219,1417723398,151998044,33,40,39,542,35434000,3
220,1417723398,151998044,28,40,40,1812,35167000,0
220,1417723398,151998044,48,40,40,1820,35332001,0
220,1417723398,155997992,29,40,39,514,35122001,0
220,1417723398,160997928,50,40,39,867,35359000,0
220,1417723398,161997915,46,40,39,856,35175001,0
221,1417723398,161997915,27,40,39,1007,35219001,0
221,1417723398,161997915,42,40,39,851,35378001,1
221,1417723398,161997915,39,40,39,1005,35191000,0
221,1417723398,169997812,30,40,39,894,34880001,0
221,1417723398,169997812,44,40,39,1822,35255001,0
222,1417723398,169997812,34,40,39,894,34791001,0
222,1417723398,169997812,49,40,39,542,35200001,0
222,1417723398,169997812,47,40,39,1007,35412000,0
222,1417723398,174997747,37,40,39,542,35278001,0
222,1417723398,174997747,35,40,39,1005,35593000,3
223,1417723398,174997747,40,40,39,1796,35377001,0
223,1417723398,176997722,38,40,39,894,35267000,0
223,1417723398,185997606,31,40,39,1012,34890001,0
223,1417723398,185997606,26,40,39,875,35624001,6
223,1417723398,185997606,43,40,41,1038,34632001,0
224,1417723398,185997606,36,40,39,1796,35435001,3
224,1417723398,185997606,45,40,39,542,35362001,0
224,1417723398,185997606,41,40,39,542,36068001,11
224,1417723398,185997606,32,40,39,1822,35154001,0
224,1417723398,185997606,28,40,40,1812,35200001,0
225,1417723398,185997606,33,40,39,542,35071001,0
225,1417723398,186997593,48,40,39,1815,35242001,0
225,1417723398,190997541,29,40,39,514,35459001,1
225,1417723398,196997464,46,40,39,856,34947001,0
225,1417723398,196997464,50,40,39,867,35346001,0
226,1417723398,196997464,27,40,39,1005,35376001,4
226,1417723398,196997464,42,40,39,851,33874001,0
226,1417723398,196997464,30,40,38,875,35229001,0
226,1417723398,204997361,39,40,39,1005,34371001,0
226,1417723398,204997361,44,40,39,1822,35114001,0
227,1417723398,204997361,34,40,39,894,35525001,6
227,1417723398,204997361,49,40,39,542,30153001,0
227,1417723398,204997361,47,40,39,1005,34696001,0
227,1417723398,209997297,35,40,39,1012,35145001,0
227,1417723398,210997284,37,40,39,542,33908001,0
228,1417723398,210997284,40,40,39,1796,35349001,0
228,1417723398,211997271,38,40,39,894,34744001,0
228,1417723398,220997155,26,40,39,867,35146001,0
228,1417723398,220997155,31,40,39,1012,35343001,0
228,1417723398,220997155,36,40,40,1812,35137001,0
229,1417723398,220997155,43,40,41,1038,35514001,5
229,1417723398,220997155,45,40,39,542,36078001,4
229,1417723398,220997155,41,40,39,542,35138001,0
229,1417723398,220997155,32,40,39,1822,35084001,0
229,1417723398,221997142,28,40,40,1812,35110001,0
230,1417723398,221997142,33,40,39,542,35208001,0
230,1417723398,222997129,48,40,39,1815,35369001,0
230,1417723398,225997091,27,40,39,1005,35035001,0
230,1417723398,231997014,50,40,39,867,35284001,0
230,1417723398,231997014,46,40,39,851,35137001,0
231,1417723398,231997014,29,40,39,514,35259001,0
231,1417723398,231997014,42,40,38,839,36003001,5
231,1417723398,231997014,39,40,39,1005,34831001,0
231,1417723398,239996911,30,40,39,875,34448001,0
231,1417723398,239996911,44,40,39,1822,34851001,0
232,1417723398,239996911,34,40,38,875,35178001,0
232,1417723398,239996911,49,40,39,542,35359001,1
232,1417723398,239996911,47,40,39,1005,34920001,0
232,1417723398,245996833,35,40,39,1012,34726001,0
232,1417723398,245996833,37,40,39,542,35185001,0
233,1417723398,245996833,40,40,39,1796,35331001,0
233,1417723398,247996808,31,40,39,1012,34199001,0
233,1417723398,255996705,38,40,38,875,35186001,0
233,1417723398,255996705,43,40,39,1026,35088001,0
233,1417723398,255996705,36,40,40,1812,35099001,0
234,1417723398,255996705,26,40,39,867,35075001,0
234,1417723398,255996705,45,40,39,542,34567001,0
234,1417723398,256996692,41,40,39,542,34908001,0
234,1417723398,256996692,32,40,39,1822,35024001,0
234,1417723398,256996692,33,40,39,542,31591001,0
235,1417723398,257996679,28,40,40,1820,35186001,0
235,1417723398,257996679,48,40,39,1815,35330001,0
235,1417723398,261996627,27,40,39,1005,35184001,0
235,1417723398,266996563,50,40,39,863,35279001,0
235,1417723398,267996550,29,40,39,514,35301001,0
236,1417723398,267996550,46,40,39,851,35277001,0
236,1417723398,267996550,42,40,39,839,35217001,0
236,1417723398,267996550,39,40,39,1012,35215001,0
236,1417723398,274996460,30,40,39,875,35154001,0
236,1417723398,275996447,44,40,39,1822,35257001,0
237,1417723398,275996447,34,40,39,875,35116001,0
237,1417723398,275996447,49,40,39,542,36063001,8
237,1417723398,275996447,37,40,39,542,35088001,0
237,1417723398,280996383,35,40,39,1012,34895001,0
237,1417723398,280996383,47,40,39,1005,34982001,0
238,1417723398,280996383,40,40,40,1812,26915001,0
238,1417723398,280996383,31,40,40,1026,35149001,0
238,1417723398,290996254,38,40,39,875,35351001,0
238,1417723398,291996241,36,40,40,1812,34804001,0
238,1417723398,291996241,26,40,39,867,35097001,0
239,1417723398,291996241,43,40,39,1026,35298001,0
239,1417723398,291996241,45,40,39,542,34841001,0
239,1417723398,291996241,41,40,39,542,35241001,0
239,1417723398,291996241,32,40,39,1822,35172001,0
239,1417723398,291996241,33,40,39,542,35381001,2
240,1417723398,291996241,28,40,40,1820,35223001,0
240,1417723398,291996241,48,40,40,1833,35283001,0
240,1417723398,296996177,27,40,39,1005,35161001,0
240,1417723398,302996100,50,40,39,863,35195001,0
240,1417723398,302996100,29,40,39,514,35269001,0
241,1417723398,302996100,46,40,39,851,35102001,0
241,1417723398,302996100,42,40,39,839,35397001,0
241,1417723398,302996100,39,40,39,1012,34516001,0
241,1417723398,310995997,44,40,38,1805,34889001,0
241,1417723398,310995997,34,40,39,875,34755001,0
242,1417723398,310995997,49,40,39,542,34429001,0
242,1417723398,310995997,30,40,39,867,34715001,0
242,1417723398,310995997,35,40,40,1026,34646001,0
242,1417723398,315995932,37,40,39,542,34765001,0
242,1417723398,316995919,47,40,39,1005,34860001,0
243,1417723398,316995919,40,40,40,1812,35491001,2
243,1417723398,316995919,31,40,40,1026,34168001,0
243,1417723398,326995791,38,40,39,875,34677001,0
243,1417723398,326995791,36,40,40,1820,34824001,0
243,1417723398,326995791,26,40,39,867,34091001,0
244,1417723398,326995791,43,40,39,1026,35091001,0
244,1417723398,326995791,45,40,39,542,34731001,0
244,1417723398,326995791,41,40,39,542,35524001,11
244,1417723398,326995791,28,40,40,1820,35331001,2
244,1417723398,326995791,33,40,39,542,35259001,0
245,1417723398,327995778,32,40,38,1805,35270001,0
245,1417723398,328995765,48,40,40,1833,35258001,0
245,1417723398,331995726,50,40,39,863,35255001,0
245,1417723398,337995649,46,40,38,839,35037001,0
245,1417723398,337995649,27,40,39,1012,35201001,0
246,1417723398,337995649,29,40,39,514,35274001,0
246,1417723398,337995649,42,40,38,826,35231001,0
246,1417723398,337995649,39,40,39,1012,35142001,0
246,1417723398,345995546,44,40,39,1805,34722001,0
246,1417723398,345995546,34,40,39,867,35759001,3
247,1417723398,345995546,49,40,39,542,35390001,1
247,1417723398,345995546,30,40,39,867,35803001,8
247,1417723398,345995546,35,40,40,1026,35179001,0
247,1417723398,351995469,37,40,39,542,35045001,0
247,1417723398,351995469,47,40,39,1012,35057001,0
248,1417723398,351995469,40,40,40,1812,35192001,0
248,1417723398,351995469,31,40,40,1026,34705001,0
248,1417723398,361995340,38,40,39,867,34361001,0
248,1417723398,361995340,36,40,40,1820,34515001,0
248,1417723398,361995340,43,40,39,1023,35575001,2
249,1417723398,361995340,26,40,39,863,35529001,3
249,1417723398,361995340,45,40,39,542,34662001,0
249,1417723398,362995327,41,40,39,542,34875001,0
249,1417723398,362995327,28,40,40,1820,35006001,0
249,1417723398,362995327,33,40,39,542,35549001,2
250,1417723398,362995327,32,40,39,1805,35199001,0
250,1417723398,363995314,48,40,40,1833,35345001,0
250,1417723398,366995276,50,40,39,857,35268001,0
250,1417723398,372995198,46,40,39,839,34977001,0
250,1417723398,372995198,27,40,39,1012,35101001,0
251,1417723398,372995198,29,40,39,514,35457001,0
251,1417723398,373995185,42,40,39,826,35479001,0
251,1417723398,373995185,39,40,40,1026,34637001,0
251,1417723398,380995095,44,40,39,1805,35221001,0
251,1417723398,380995095,49,40,39,542,36238001,8
252,1417723398,380995095,30,40,39,867,35141001,0
252,1417723398,381995082,34,40,39,867,35284001,0
252,1417723398,381995082,35,40,40,1026,35061001,0
252,1417723398,386995018,37,40,39,542,34886001,0
252,1417723398,386995018,47,40,39,1012,34784001,0
253,1417723398,386995018,40,40,40,1820,35284001,0
253,1417723398,387995005,36,40,40,1820,34401001,0
253,1417723398,397994876,38,40,39,867,34866001,0
253,1417723398,397994876,31,40,41,1037,34572001,0
253,1417723398,397994876,43,40,39,1023,34607001,0
254,1417723398,397994876,26,40,39,863,34965001,0
254,1417723398,397994876,41,40,39,542,35138001,0
254,1417723398,397994876,45,40,39,542,35848001,9
254,1417723398,397994876,28,40,39,1815,35096001,0
254,1417723398,397994876,33,40,39,542,35461001,1
255,1417723398,397994876,32,40,39,1805,35596001,2
255,1417723398,398994864,48,40,39,1822,35279001,0
255,1417723398,402994812,50,40,39,857,35275001,0
255,1417723398,408994735,27,40,39,1012,34790001,0
255,1417723398,408994735,46,40,39,839,34281001,0
256,1417723398,408994735,29,40,39,514,35123001,0
256,1417723398,408994735,42,40,39,826,34045001,0
256,1417723398,408994735,39,40,40,1026,34706001,0
256,1417723398,416994632,44,40,39,1806,35215001,0
256,1417723398,416994632,49,40,39,542,34646001,0
257,1417723398,416994632,30,40,39,867,34831001,0
257,1417723398,416994632,34,40,39,867,35731001,4
257,1417723398,416994632,37,40,39,542,35184001,0
257,1417723398,421994567,35,40,41,1037,35006001,0
257,1417723398,422994555,47,40,39,1012,35038001,0
258,1417723398,422994555,40,40,40,1820,35222001,0
258,1417723398,422994555,36,40,40,1820,34625001,0
258,1417723398,432994426,38,40,39,867,34180001,0
258,1417723398,432994426,31,40,41,1037,35074001,0
258,1417723398,432994426,43,40,39,1023,35224001,0
259,1417723398,432994426,26,40,39,863,34635001,0
259,1417723398,432994426,45,40,39,542,34464001,0
259,1417723398,432994426,41,40,39,542,35389001,2
259,1417723398,432994426,33,40,39,542,35575001,1
259,1417723398,432994426,28,40,39,1815,35543001,1
260,1417723398,432994426,32,40,39,1806,35025001,0
260,1417723398,432994426,48,40,39,1822,35342001,0
260,1417723398,437994361,50,40,39,857,35268001,0
260,1417723398,443994284,46,40,38,826,35266001,0
260,1417723398,443994284,27,40,40,1026,34644001,0
261,1417723398,443994284,29,40,39,514,35170001,0
261,1417723398,443994284,42,40,39,826,35333001,1
261,1417723398,443994284,39,40,40,1026,35086001,0
261,1417723398,451994181,44,40,39,1806,35434001,5
261,1417723398,451994181,49,40,39,542,35248001,0
262,1417723398,451994181,34,40,39,867,29793001,0
262,1417723398,451994181,30,40,39,863,35796001,1
262,1417723398,451994181,35,40,41,1037,34537001,0
262,1417723398,457994104,37,40,39,542,34827001,0
262,1417723398,457994104,47,40,40,1026,35257001,0
263,1417723398,457994104,40,40,40,1820,26522001,0
263,1417723398,457994104,38,40,39,867,34286001,0
263,1417723398,467993975,36,40,39,1815,34603001,0
263,1417723398,467993975,43,40,39,1023,34530001,0
263,1417723398,467993975,31,40,41,1037,34681001,0
264,1417723398,467993975,26,40,39,857,34640001,0
264,1417723398,467993975,45,40,39,542,35189001,0
264,1417723398,467993975,41,40,39,542,35250001,0
264,1417723398,467993975,28,40,39,1815,35176001,0
264,1417723398,468993962,32,40,39,1806,34918001,0
265,1417723398,468993962,33,40,39,542,35234001,0
265,1417723398,468993962,48,40,39,1822,35344001,0
265,1417723398,472993911,50,40,39,856,35367001,0
265,1417723398,478993834,29,40,39,514,35446001,4
265,1417723398,478993834,27,40,40,1026,35240001,0
266,1417723398,478993834,46,40,39,826,35293001,0
266,1417723398,479993821,42,40,39,822,35500001,2
266,1417723398,479993821,44,40,39,1806,34762001,0
266,1417723398,486993731,39,40,41,1037,35445001,2
266,1417723398,486993731,49,40,39,542,35541001,5
267,1417723398,486993731,34,40,39,863,35311001,2
267,1417723398,486993731,30,40,39,863,35128001,0
267,1417723398,486993731,47,40,40,1026,35322001,0
267,1417723398,492993653,35,40,41,1037,35054001,0
267,1417723398,492993653,37,40,39,542,35023001,0
268,1417723398,492993653,40,40,40,1820,35386001,1
268,1417723398,492993653,36,40,39,1815,34294001,0
268,1417723398,502993525,38,40,39,863,34559001,0
268,1417723398,502993525,31,40,41,1037,34688001,0
268,1417723398,502993525,43,40,39,1021,35071001,0
269,1417723398,502993525,45,40,39,542,34750001,0
269,1417723398,503993512,41,40,37,514,35385001,0
269,1417723398,503993512,26,40,39,857,34459001,0
269,1417723398,503993512,33,40,39,542,35231001,0
269,1417723398,503993512,28,40,40,1833,35112001,0
270,1417723398,503993512,32,40,39,1806,35265001,0
270,1417723398,503993512,48,40,39,1822,34897001,0
270,1417723398,508993447,29,40,39,514,35255001,0
270,1417723398,514993370,50,40,39,856,35145001,0
270,1417723398,514993370,46,40,39,826,35176001,0
271,1417723398,514993370,27,40,40,1026,34102001,0
271,1417723398,514993370,42,40,39,822,35257001,0
271,1417723398,514993370,44,40,39,1805,34800001,0
271,1417723398,521993280,39,40,41,1037,35268001,0
271,1417723398,521993280,49,40,39,542,34838001,0
272,1417723398,521993280,34,40,39,863,35249001,0
272,1417723398,521993280,30,40,39,863,35075001,0
272,1417723398,522993267,35,40,41,1037,34583001,0
272,1417723398,527993203,37,40,39,542,35198001,0
272,1417723398,527993203,47,40,40,1026,34863001,0
273,1417723398,527993203,40,40,39,1815,35429001,1
273,1417723398,527993203,38,40,39,863,34158002,0
273,1417723398,537993074,43,40,39,1021,34216001,0
273,1417723398,537993074,36,40,39,1815,34256002,0
273,1417723398,538993061,31,40,41,1038,34543001,0
274,1417723398,538993061,45,40,39,542,34692002,0
274,1417723398,538993061,26,40,39,857,35105001,0
274,1417723398,538993061,41,40,38,514,35087001,0
274,1417723398,538993061,28,40,40,1833,35132001,0
274,1417723398,538993061,33,40,39,542,35044001,0
275,1417723398,538993061,32,40,39,1805,35267002,0
275,1417723398,540993035,48,40,38,1805,35350001,0
275,1417723398,543992997,27,40,41,1037,35186002,0
275,1417723398,549992920,46,40,39,826,34956001,0
275,1417723398,549992920,29,40,34,454,35295001,0
276,1417723398,549992920,50,40,39,856,35254001,0
276,1417723398,549992920,42,40,39,822,35621001,5
276,1417723398,549992920,44,40,39,1805,35405001,3
276,1417723398,556992829,39,40,41,1037,35071001,0
276,1417723398,557992817,49,40,39,542,35611001,2
277,1417723398,557992817,34,40,39,863,35390002,3
277,1417723398,557992817,30,40,39,857,35200001,0
277,1417723398,557992817,37,40,39,542,34746001,0
277,1417723398,562992752,35,40,41,1038,34986001,0
277,1417723398,562992752,47,40,41,1037,35221002,0
278,1417723398,562992752,40,40,39,1815,35297001,0
278,1417723398,564992726,38,40,39,863,34302002,0
278,1417723398,573992611,43,40,39,1021,35189001,0
278,1417723398,573992611,36,40,40,1833,35080002,0
278,1417723398,573992611,31,40,41,1038,34576002,0
279,1417723398,573992611,45,40,39,542,34865001,0
279,1417723398,573992611,26,40,39,856,35778001,10
279,1417723398,573992611,41,40,39,514,35810001,2
279,1417723398,573992611,33,40,39,542,34942002,0
279,1417723398,573992611,28,40,40,1833,36793001,8
280,1417723398,575992585,32,40,39,1805,36200001,0
280,1417723398,575992585,48,40,39,1805,29124002,0
280,1417723398,578992546,50,40,39,856,35292002,0
280,1417723398,584992469,29,40,35,454,35351002,0
280,1417723398,584992469,46,40,39,822,35096002,0
281,1417723398,584992469,27,40,41,1037,35133002,0
281,1417723398,584992469,42,40,39,828,36002001,4
281,1417723398,585992456,44,40,39,1805,35509002,1
281,1417723398,592992366,39,40,41,1037,35022002,0
281,1417723398,592992366,49,40,39,542,35666002,1
282,1417723398,592992366,34,40,39,857,35875002,5
282,1417723398,592992366,30,40,39,857,35167002,0
282,1417723398,592992366,37,40,39,542,34749002,0
282,1417723398,598992289,35,40,41,1038,34827002,0
282,1417723398,598992289,47,40,41,1037,34959002,0
283,1417723398,598992289,40,40,39,1815,25241002,0
283,1417723398,598992289,38,40,39,857,33501002,0
283,1417723398,608992160,43,40,39,1023,35114002,0
283,1417723398,608992160,36,40,40,1833,35179002,0
283,1417723398,608992160,31,40,41,1038,34508002,0
284,1417723398,608992160,45,40,39,542,33898002,0
284,1417723398,608992160,26,40,39,856,33756002,0
284,1417723398,608992160,41,40,39,514,35754002,1
284,1417723398,608992160,33,40,39,542,35646002,8
284,1417723398,609992147,28,40,39,1822,34987002,0
285,1417723398,610992134,32,40,39,1805,35721002,2
285,1417723398,610992134,48,40,39,1805,35464002,1
285,1417723398,614992083,50,40,39,851,35187002,0
285,1417723398,619992018,29,40,36,454,35258002,0
285,1417723398,620992005,46,40,39,822,35224002,0
286,1417723398,620992005,27,40,41,1037,33649002,0
286,1417723398,620992005,42,40,39,828,34892002,0
286,1417723398,620992005,39,40,41,1038,34461002,0
286,1417723398,627991915,44,40,39,1805,35045002,0
286,1417723398,627991915,49,40,39,542,34747002,0
287,1417723398,627991915,34,40,39,857,34441002,0
287,1417723398,627991915,30,40,39,857,35425002,7
287,1417723398,627991915,37,40,39,542,34536002,0
287,1417723398,633991838,35,40,41,1038,33077002,0
287,1417723398,633991838,47,40,41,1037,35032002,0
288,1417723398,633991838,40,40,40,1833,35471002,2
288,1417723398,633991838,38,40,39,857,32713002,0
288,1417723398,643991709,31,40,39,1026,35479002,4
288,1417723398,643991709,36,40,40,1833,35108002,0
288,1417723398,644991696,43,40,39,1023,35149002,0
289,1417723398,644991696,26,40,39,856,33598002,0
289,1417723398,644991696,45,40,39,542,35751002,4
289,1417723398,644991696,41,40,39,514,34767002,0
289,1417723398,644991696,33,40,39,542,34470002,0
289,1417723398,644991696,28,40,39,1822,34471002,0
290,1417723398,645991684,32,40,39,1805,34895002,0
290,1417723398,645991684,48,40,39,1806,35292002,0
290,1417723398,649991632,46,40,39,822,34376002,0
290,1417723398,655991555,50,40,39,851,35286002,0
290,1417723398,655991555,29,40,37,454,35259002,0
291,1417723398,655991555,27,40,41,1037,35183002,0
291,1417723398,655991555,42,40,39,828,35487002,7
291,1417723398,655991555,39,40,41,1038,35553002,2
291,1417723398,662991465,44,40,39,1797,35263002,0
291,1417723398,662991465,49,40,39,542,35672002,2
292,1417723398,662991465,34,40,39,857,35332002,3
292,1417723398,662991465,30,40,39,856,29237002,0
292,1417723398,663991452,35,40,39,1026,34851002,0
292,1417723398,668991387,37,40,39,542,34766002,0
292,1417723398,668991387,47,40,41,1037,34797002,0
293,1417723398,668991387,40,40,40,1833,35314002,0
293,1417723398,668991387,38,40,39,857,34523002,0
293,1417723398,679991246,31,40,39,1026,35344002,0
293,1417723398,679991246,36,40,39,1822,34358002,0
293,1417723398,679991246,43,40,39,1023,35355002,0
294,1417723398,679991246,26,40,39,856,35295002,0
294,1417723398,679991246,45,40,39,542,35337002,0
294,1417723398,679991246,41,40,39,514,35133002,0
294,1417723398,679991246,33,40,39,542,35390002,1
294,1417723398,679991246,28,40,39,1822,35467002,2
295,1417723398,680991233,32,40,39,1797,35358002,0
295,1417723398,681991220,48,40,39,1806,35426002,0
295,1417723398,684991181,29,40,38,454,35273002,0
295,1417723398,690991104,50,40,39,851,35273002,0
295,1417723398,690991104,46,40,39,828,34559002,0
296,1417723398,690991104,27,40,41,1038,35424002,0
296,1417723398,690991104,42,40,39,828,35150002,0
296,1417723398,690991104,44,40,39,1797,34898002,0
296,1417723398,697991014,39,40,41,1038,35176002,0
296,1417723398,697991014,49,40,39,542,34523002,0
297,1417723398,698991001,34,40,39,856,34710002,0
297,1417723398,698991001,30,40,39,856,35402002,10
297,1417723398,698991001,47,40,41,1038,34744002,0
297,1417723398,704990924,35,40,39,1026,34675002,0
297,1417723398,704990924,37,40,39,542,34962002,0
298,1417723398,704990924,40,40,40,1833,35364002,1
298,1417723398,704990924,36,40,39,1822,34911002,0
298,1417723398,714990795,43,40,39,1028,34822002,0
298,1417723398,714990795,31,40,39,1026,34361002,0
298,1417723398,714990795,38,40,39,856,34804002,0
299,1417723398,714990795,26,40,39,851,34565002,0
299,1417723398,714990795,45,40,37,514,34646002,0
299,1417723398,714990795,41,40,39,514,34560002,0
299,1417723398,715990782,33,40,39,542,35251002,0
299,1417723398,715990782,28,40,39,1822,35237002,0
300,1417723398,715990782,32,40,39,1797,35332002,0
300,1417723398,716990769,48,40,39,1806,28491002,0
300,1417723398,720990718,50,40,38,839,35170002,0
300,1417723398,725990654,46,40,39,828,33870002,0
300,1417723398,725990654,29,40,39,454,35290002,0
301,1417723398,725990654,27,40,41,1038,34883002,0
301,1417723398,726990641,42,40,39,828,35137002,0
301,1417723398,726990641,49,40,39,542,34820002,0
301,1417723398,733990551,39,40,39,1026,35081002,0
301,1417723398,733990551,44,40,39,1797,34746002,0
302,1417723398,733990551,34,40,39,856,35182002,0
302,1417723398,733990551,30,40,39,856,35191002,0
302,1417723398,733990551,47,40,41,1038,34975002,0
302,1417723398,739990473,35,40,39,1026,34978002,0
302,1417723398,739990473,40,40,39,1822,35015002,0
303,1417723398,739990473,37,40,37,514,34723002,0
303,1417723398,741990448,36,40,39,1822,34648002,0
303,1417723398,749990345,38,40,39,856,34797002,0
303,1417723398,749990345,31,40,39,1023,34893002,0
303,1417723398,750990332,43,40,39,1028,34404002,0
304,1417723398,750990332,26,40,39,851,34933002,0
304,1417723398,750990332,45,40,38,514,34581002,0
304,1417723398,750990332,41,40,39,514,34884002,0
304,1417723398,750990332,33,40,39,542,36124002,1
304,1417723398,750990332,28,40,38,1805,35362002,1
305,1417723398,750990332,32,40,39,1797,35284002,0
305,1417723398,752990306,48,40,39,1805,35440002,1
305,1417723398,755990267,29,40,39,454,35226002,0
305,1417723398,761990190,50,40,39,839,35129002,0
305,1417723398,761990190,46,40,39,828,35298002,0
306,1417723398,761990190,27,40,41,1038,35170002,0
306,1417723398,761990190,42,40,39,828,35146002,0
306,1417723398,761990190,49,40,37,514,34799002,0
306,1417723398,768990100,39,40,39,1026,34582002,0
306,1417723398,768990100,44,40,40,1811,35047002,0
307,1417723398,768990100,34,40,39,856,34990002,0
307,1417723398,768990100,30,40,39,856,35273002,0
307,1417723398,768990100,47,40,41,1038,35253002,0
307,1417723398,774990023,35,40,39,1023,36461002,0
307,1417723398,774990023,40,40,39,1822,36198002,1
308,1417723398,774990023,37,40,38,514,37486002,0
308,1417723398,776989997,38,40,39,856,34487002,0
308,1417723398,785989881,31,40,39,1023,35113002,0
308,1417723398,785989881,36,40,39,1822,35246002,0
308,1417723398,785989881,43,40,39,1028,34806002,0
309,1417723398,785989881,45,40,39,514,34698002,0
309,1417723398,785989881,41,40,39,514,35078002,0
309,1417723398,785989881,26,40,39,851,35065002,0
309,1417723398,785989881,28,40,39,1805,35620000,1
309,1417723398,785989881,33,40,37,514,34533000,0
310,1417723398,786989868,32,40,40,1811,31865000,0
310,1417723398,787989855,48,40,39,1805,35516000,0
310,1417723398,791989804,29,40,39,454,35278000,0
310,1417723398,796989740,50,40,39,839,34990000,0
310,1417723398,796989740,46,40,39,828,35216000,0
311,1417723398,796989740,42,40,39,828,35467000,3
311,1417723398,796989740,27,40,39,1026,35079000,0
311,1417723398,796989740,39,40,39,1026,34796000,0
311,1417723398,803989649,44,40,40,1811,34838000,0
311,1417723398,803989649,49,40,38,514,34818000,0
312,1417723398,803989649,34,40,39,856,34779000,0
312,1417723398,804989637,30,40,39,851,34942000,0
312,1417723398,804989637,47,40,39,1026,34650000,0
312,1417723398,809989572,35,40,39,1023,34384000,0
312,1417723398,810989559,40,40,39,1822,35195000,0
313,1417723398,810989559,37,40,39,514,35038000,0
313,1417723398,812989534,38,40,39,856,34297000,0
313,1417723398,820989431,31,40,39,1023,34821000,0
313,1417723398,820989431,43,40,39,1028,34623000,0
313,1417723398,820989431,36,40,38,1805,34444000,0
314,1417723398,820989431,26,40,38,839,35444000,0
314,1417723398,820989431,45,40,39,514,34680000,0
314,1417723398,820989431,41,40,39,514,35304000,0
314,1417723398,821989418,28,40,39,1805,35195000,0
314,1417723398,821989418,33,40,38,514,35382000,3
315,1417723398,821989418,32,40,40,1811,35388000,1
315,1417723398,822989405,48,40,39,1805,35270000,0
315,1417723398,826989353,29,40,39,454,35263000,0
315,1417723398,831989289,46,40,39,828,35266000,0
315,1417723398,831989289,50,40,38,826,35177000,0
316,1417723398,831989289,42,40,39,827,34829000,0
316,1417723398,831989289,27,40,39,1026,35007000,0
316,1417723398,832989276,44,40,40,1811,35097000,0
316,1417723398,838989199,49,40,39,514,34122000,0
316,1417723398,839989186,39,40,39,1023,34200000,0
317,1417723398,839989186,34,40,39,851,33941000,0
317,1417723398,839989186,30,40,39,851,34221000,0
317,1417723398,839989186,47,40,39,1026,35430000,1
317,1417723398,845989109,35,40,39,1023,35085000,0
317,1417723398,845989109,40,40,39,1822,35202000,0
318,1417723398,845989109,37,40,39,514,35257000,0
318,1417723398,847989083,43,40,39,1034,35113000,0
318,1417723398,855988980,31,40,39,1023,34534000,0
318,1417723398,855988980,36,40,39,1805,35089000,0
318,1417723398,856988967,38,40,39,851,34393000,0
319,1417723398,856988967,26,40,39,839,35044000,0
319,1417723398,856988967,45,40,39,514,34869000,0
319,1417723398,856988967,41,40,39,514,34983000,0
319,1417723398,856988967,28,40,39,1806,35224000,0
319,1417723398,856988967,33,40,39,514,36112000,11
320,1417723398,856988967,32,40,40,1811,35267000,0
320,1417723398,857988954,48,40,39,1805,35351000,0
320,1417723398,861988903,29,40,39,454,35275000,0
320,1417723398,866988838,46,40,39,828,35235000,0
320,1417723398,866988838,50,40,39,826,35166000,0
321,1417723398,867988825,42,40,39,827,34512000,0
321,1417723398,867988825,27,40,39,1026,34676000,0
321,1417723398,867988825,39,40,39,1023,34852000,0
321,1417723398,874988735,49,40,39,514,34366000,0
321,1417723398,874988735,44,40,40,1811,34825000,0
322,1417723398,874988735,30,40,39,851,35097000,0
322,1417723398,874988735,34,40,39,851,35489000,4
322,1417723398,874988735,47,40,39,1026,35311000,0
322,1417723398,880988658,35,40,39,1023,35402000,2
322,1417723398,880988658,40,40,38,1805,35358000,1
323,1417723398,880988658,37,40,39,514,35305000,0
323,1417723398,882988632,31,40,39,1021,34235000,0
323,1417723398,891988516,38,40,39,851,33660000,0
323,1417723398,891988516,43,40,39,1034,34804000,0
323,1417723398,891988516,36,40,39,1805,35485000,0
324,1417723398,891988516,26,40,39,839,34109000,0
324,1417723398,891988516,45,40,39,514,34746000,0
324,1417723398,891988516,41,40,39,514,35654000,7
324,1417723398,891988516,28,40,39,1806,35461000,12
324,1417723398,891988516,33,40,39,514,35038000,0
325,1417723398,892988504,32,40,40,1811,35222000,0
325,1417723398,893988491,48,40,39,1797,35346000,0
325,1417723398,897988439,29,40,39,454,35280000,0
325,1417723398,902988375,50,40,39,826,35122000,0
325,1417723398,902988375,46,40,39,828,35135000,0
326,1417723398,902988375,42,40,39,827,35414000,3
326,1417723398,902988375,27,40,39,1023,35318000,0
326,1417723398,902988375,49,40,39,514,34369000,0
326,1417723398,909988285,39,40,39,1023,34965000,0
326,1417723398,909988285,44,40,40,1811,34542000,0
327,1417723398,909988285,30,40,38,839,34633000,0
327,1417723398,909988285,34,40,39,851,35504000,0
327,1417723398,910988272,47,40,39,1023,34790000,0
327,1417723398,915988207,35,40,39,1021,35988000,3
327,1417723398,915988207,40,40,39,1805,35108000,0
328,1417723398,916988195,37,40,39,514,35157000,0
328,1417723398,917988182,31,40,39,1021,33908000,0
328,1417723398,927988053,38,40,39,851,34401000,0
328,1417723398,927988053,43,40,39,1034,34637000,0
328,1417723398,927988053,36,40,39,1806,34824000,0
329,1417723398,927988053,26,40,38,826,34072000,0
329,1417723398,927988053,45,40,39,514,34208000,0
329,1417723398,927988053,41,40,39,514,35217000,0
329,1417723398,927988053,28,40,39,1806,34726000,0
329,1417723398,927988053,33,40,39,514,35180000,0
330,1417723398,927988053,32,40,40,1811,35296000,0
330,1417723398,929988027,48,40,39,1797,35398000,0
330,1417723398,932987989,29,40,39,454,35387000,1
330,1417723398,938987911,50,40,39,826,34628000,0
330,1417723398,938987911,46,40,39,827,35159000,0
331,1417723398,938987911,42,40,39,828,34498000,0
331,1417723398,938987911,27,40,39,1023,35030000,0
331,1417723398,938987911,49,40,39,514,34721000,0
331,1417723398,945987821,39,40,39,1023,34921000,0
331,1417723398,946987808,44,40,40,1811,35364000,0
332,1417723398,946987808,30,40,39,839,34773000,0
332,1417723398,946987808,34,40,38,839,35285000,0
332,1417723398,946987808,47,40,39,1023,35337000,0
332,1417723398,952987731,35,40,39,1021,34491000,0
332,1417723398,952987731,40,40,39,1805,35285000,1
333,1417723398,952987731,37,40,39,514,35332000,0
333,1417723398,954987705,43,40,39,1031,34708000,0
333,1417723398,962987602,36,40,39,1806,34543000,0
333,1417723398,963987589,31,40,39,1021,34610000,0
333,1417723398,963987589,38,40,38,839,35045000,0
334,1417723398,963987589,26,40,39,826,35162000,0
334,1417723398,963987589,45,40,39,514,35051000,0
334,1417723398,963987589,41,40,34,454,34741000,0
334,1417723398,963987589,33,40,39,514,35489000,11
334,1417723398,963987589,28,40,39,1805,36042000,11
335,1417723398,963987589,32,40,40,1811,31486000,0
335,1417723398,964987577,48,40,39,1797,35349000,0
335,1417723398,968987525,29,40,39,454,35133000,0
335,1417723398,973987461,50,40,39,822,35340000,0
335,1417723398,973987461,46,40,39,827,34917000,0
336,1417723398,974987448,42,40,39,828,34976000,0
336,1417723398,974987448,27,40,39,1023,35288000,0
336,1417723398,974987448,49,40,39,514,34968000,0
336,1417723398,981987358,30,40,39,839,35417000,3
336,1417723398,981987358,39,40,39,1021,35111000,0
337,1417723398,981987358,44,40,40,1811,35345000,0
337,1417723398,981987358,34,40,39,839,35585000,1
337,1417723398,981987358,47,40,39,1023,35568000,1
337,1417723398,987987280,35,40,39,1021,35369000,1
337,1417723398,987987280,40,40,39,1806,35205000,0
338,1417723398,987987280,37,40,39,514,35293000,0
338,1417723398,989987255,38,40,39,839,34855000,0
338,1417723398,998987139,31,40,39,1023,35156000,0
338,1417723398,998987139,43,40,39,1031,34646000,0
338,1417723398,998987139,36,40,39,1806,34817000,0
339,1417723398,998987139,26,40,39,826,35361000,0
339,1417723398,998987139,45,40,39,514,35380000,0
339,1417723398,998987139,41,40,35,454,35017000,0
339,1417723398,998987139,33,40,39,514,34893000,0
339,1417723398,998987139,28,40,39,1805,34750000,0
340,1417723399,0,32,40,40,1811,35402000,1
340,1417723399,999988,48,40,40,1811,35350000,0
340,1417723399,3999949,29,40,39,454,35275000,0
340,1417723399,9999872,46,40,39,827,35063000,0
340,1417723399,9999872,50,40,39,822,35388000,2
341,1417723399,9999872,42,40,39,828,35328000,0
341,1417723399,9999872,27,40,39,1023,35263000,0
341,1417723399,9999872,30,40,38,826,35066000,0
341,1417723399,16999782,49,40,39,514,34640000,0
341,1417723399,16999782,39,40,39,1021,34912000,0
342,1417723399,16999782,44,40,38,1787,34528000,0
342,1417723399,17999769,34,40,39,839,35015000,0
342,1417723399,17999769,47,40,39,1023,35023000,0
342,1417723399,23999692,35,40,39,1023,35523000,2
342,1417723399,23999692,40,40,39,1806,35702000,7
343,1417723399,23999692,37,40,39,514,35293000,0
343,1417723399,24999679,31,40,39,1023,34295000,0
343,1417723399,33999563,38,40,39,839,35075000,0
343,1417723399,33999563,43,40,39,1031,34814000,0
343,1417723399,33999563,36,40,39,1805,34947000,0
344,1417723399,33999563,41,40,36,454,35359000,1
344,1417723399,33999563,26,40,39,826,34802000,0
344,1417723399,33999563,45,40,39,514,34987000,0
344,1417723399,34999550,28,40,39,1805,35008000,0
344,1417723399,34999550,33,40,39,514,35165000,0
345,1417723399,34999550,32,40,38,1787,35320000,0
345,1417723399,35999537,48,40,40,1811,35301000,0
345,1417723399,39999486,46,40,39,828,34903000,0
345,1417723399,44999421,29,40,34,403,35290000,0
345,1417723399,44999421,42,40,39,825,35351000,0
346,1417723399,44999421,50,40,39,822,35288000,0
346,1417723399,44999421,27,40,39,1021,35214000,0
346,1417723399,44999421,30,40,39,826,34561000,0
346,1417723399,51999331,49,40,39,514,34874000,0
346,1417723399,52999318,39,40,39,1021,34494000,0
347,1417723399,52999318,44,40,39,1787,35298000,0
347,1417723399,52999318,34,40,38,826,35130000,0
347,1417723399,52999318,47,40,39,1021,35050000,0
347,1417723399,58999241,35,40,39,1023,35631000,1
347,1417723399,58999241,40,40,39,1806,35050000,0
348,1417723399,58999241,37,40,39,514,35471000,0
348,1417723399,60999215,31,40,39,1023,34312000,0
348,1417723399,68999112,38,40,38,826,35208000,0
348,1417723399,68999112,43,40,39,1023,35109000,0
348,1417723399,68999112,36,40,39,1805,34387000,0
349,1417723399,69999099,26,40,39,822,34909000,0
349,1417723399,69999099,41,40,37,454,35218000,0
349,1417723399,69999099,45,40,39,514,35153000,0
349,1417723399,69999099,28,40,39,1805,34974000,0
349,1417723399,69999099,33,40,39,514,34875000,0
350,1417723399,69999099,32,40,39,1787,35281000,0
350,1417723399,70999086,48,40,40,1811,35300000,0
350,1417723399,74999035,29,40,35,403,35283000,0
350,1417723399,79998971,46,40,39,828,34926000,0
350,1417723399,79998971,42,40,39,825,35161000,0
351,1417723399,79998971,50,40,39,828,35438000,0
351,1417723399,79998971,27,40,39,1021,35176000,0
351,1417723399,79998971,30,40,39,826,35231000,0
351,1417723399,87998868,39,40,39,1023,35556000,0
351,1417723399,87998868,49,40,39,514,34963000,0
352,1417723399,87998868,44,40,39,1787,35652000,4
352,1417723399,87998868,34,40,39,826,35094000,0
352,1417723399,87998868,47,40,39,1021,34833000,0
352,1417723399,93998790,35,40,39,1023,34913000,0
352,1417723399,93998790,40,40,39,1805,35580000,7
353,1417723399,94998777,37,40,39,514,35308000,0
353,1417723399,94998777,43,40,39,1023,34678000,0
353,1417723399,103998662,36,40,39,1805,35101000,0
353,1417723399,104998649,31,40,39,1028,34531000,0
353,1417723399,104998649,38,40,39,826,34719001,0
354,1417723399,104998649,41,40,38,454,34601000,0
354,1417723399,104998649,26,40,39,822,35006000,0
354,1417723399,104998649,45,40,39,514,34231000,0
354,1417723399,104998649,33,40,39,514,34611000,0
354,1417723399,104998649,28,40,39,1797,35564000,10
355,1417723399,104998649,32,40,39,1787,31576000,0
355,1417723399,106998623,48,40,40,1811,35346000,0
355,1417723399,109998584,46,40,39,828,33965000,0
355,1417723399,114998520,29,40,36,403,33810000,0
355,1417723399,115998507,42,40,39,825,35042000,0
356,1417723399,115998507,50,40,39,828,34369000,0
356,1417723399,115998507,27,40,39,1021,35176000,0
356,1417723399,115998507,49,40,39,514,34880000,0
356,1417723399,122998417,39,40,39,1023,34921000,0
356,1417723399,122998417,30,40,39,826,34642000,0
357,1417723399,122998417,44,40,39,1783,34388000,0
357,1417723399,123998404,34,40,39,826,35408000,6
357,1417723399,123998404,40,40,39,1805,34979001,0
357,1417723399,129998327,47,40,39,1021,34826001,0
357,1417723399,129998327,35,40,39,1028,35679000,3
358,1417723399,129998327,37,40,39,514,26383001,0
358,1417723399,130998314,38,40,39,826,34374001,0
358,1417723399,139998198,31,40,39,1028,34595000,0
358,1417723399,139998198,36,40,39,1805,34842000,0
358,1417723399,139998198,43,40,39,1023,34252000,0
359,1417723399,139998198,26,40,39,822,35449000,7
359,1417723399,139998198,41,40,39,454,34209001,0
359,1417723399,139998198,45,40,39,514,34952000,0
359,1417723399,139998198,33,40,39,514,34494001,0
359,1417723399,140998185,28,40,39,1797,34799001,0
360,1417723399,140998185,32,40,39,1783,35460000,1
360,1417723399,141998172,48,40,40,1811,29856000,0
360,1417723399,145998121,29,40,37,403,35246001,0
360,1417723399,150998056,46,40,39,825,34921000,0
360,1417723399,150998056,42,40,39,825,35045001,0
361,1417723399,150998056,50,40,39,828,35528000,2
361,1417723399,150998056,27,40,39,1023,35531001,4
361,1417723399,150998056,39,40,39,1023,34915001,0
361,1417723399,158997953,49,40,39,514,34565001,0
361,1417723399,158997953,30,40,39,822,35190001,0
362,1417723399,158997953,44,40,39,1783,35163000,0
362,1417723399,158997953,34,40,39,826,34917000,0
362,1417723399,158997953,40,40,39,1805,35098001,0
362,1417723399,164997876,47,40,39,1023,34662000,0
362,1417723399,164997876,35,40,39,1028,35677000,1
363,1417723399,164997876,37,40,39,514,26352001,0
363,1417723399,166997850,36,40,39,1797,34802001,0
363,1417723399,174997747,43,40,39,1023,35110001,0
363,1417723399,174997747,38,40,39,826,34313001,0
363,1417723399,174997747,31,40,39,1028,34637000,0
364,1417723399,174997747,26,40,39,828,34420001,0
364,1417723399,174997747,41,40,39,454,35143001,0
364,1417723399,175997735,45,40,34,454,34371001,0
364,1417723399,175997735,33,40,39,514,35549001,7
364,1417723399,175997735,28,40,39,1797,34769001,0
365,1417723399,175997735,32,40,39,1783,35411001,0
365,1417723399,176997722,48,40,40,1811,35397001,1
365,1417723399,180997670,42,40,39,823,35037001,0
365,1417723399,185997606,50,40,39,828,35219000,0
365,1417723399,185997606,29,40,38,403,35606001,2
366,1417723399,185997606,46,40,39,825,34740001,0
366,1417723399,186997593,27,40,39,1023,35349001,0
366,1417723399,186997593,30,40,39,822,34716001,0
366,1417723399,193997503,39,40,39,1028,35128001,0
366,1417723399,193997503,44,40,39,1783,35489001,0
367,1417723399,193997503,49,40,39,514,35139001,0
367,1417723399,193997503,34,40,39,822,35167001,0
367,1417723399,194997490,40,40,39,1805,34676001,0
367,1417723399,199997426,47,40,39,1023,34680001,0
367,1417723399,199997426,35,40,39,1028,35737001,4
368,1417723399,199997426,37,40,34,454,35418001,1
368,1417723399,201997400,43,40,39,1022,34965001,0
368,1417723399,209997297,36,40,39,1797,34684001,0
368,1417723399,209997297,38,40,39,822,34583001,0
368,1417723399,210997284,31,40,39,1028,34752001,0
369,1417723399,210997284,41,40,39,454,35163001,0
369,1417723399,210997284,26,40,39,828,35450001,6
369,1417723399,210997284,45,40,35,454,34841001,0
369,1417723399,210997284,33,40,39,514,35160001,0
369,1417723399,210997284,28,40,40,1811,35569001,7
370,1417723399,210997284,32,40,39,1783,35302001,0
370,1417723399,212997258,48,40,40,1811,34997001,0
370,1417723399,215997220,42,40,39,823,34919001,0
370,1417723399,220997155,50,40,39,828,35000001,0
370,1417723399,221997142,29,40,39,403,35261001,0
371,1417723399,221997142,46,40,39,825,34150001,0
371,1417723399,221997142,27,40,39,1023,34258001,0
371,1417723399,221997142,39,40,39,1028,34054001,0
371,1417723399,228997052,30,40,39,822,34732001,0
371,1417723399,229997039,44,40,37,1757,34944001,0
372,1417723399,229997039,34,40,39,822,34190001,0
372,1417723399,229997039,49,40,34,454,34927001,0
372,1417723399,229997039,40,40,39,1797,34759001,0
372,1417723399,234996975,47,40,39,1023,35207001,0
372,1417723399,234996975,35,40,39,1028,35083001,0
373,1417723399,235996962,37,40,35,454,35293001,0
373,1417723399,236996949,43,40,39,1022,35080001,0
373,1417723399,245996833,36,40,39,1797,34866001,0
373,1417723399,245996833,38,40,39,822,34801001,0
373,1417723399,245996833,31,40,39,1034,33833001,0
374,1417723399,245996833,33,40,34,454,35035001,0
374,1417723399,245996833,45,40,36,454,34967001,0
374,1417723399,245996833,26,40,39,828,35274001,0
374,1417723399,245996833,28,40,40,1811,34355001,0
374,1417723399,245996833,32,40,37,1757,35305001,0
375,1417723399,247996808,41,40,39,454,34642001,0
375,1417723399,247996808,48,40,38,1787,35339001,0
375,1417723399,251996756,50,40,39,828,35203001,0
375,1417723399,256996692,42,40,39,823,35082001,0
375,1417723399,256996692,29,40,36,371,35236001,0
376,1417723399,256996692,46,40,39,825,34994001,0
376,1417723399,256996692,27,40,39,1028,34411001,0
376,1417723399,256996692,30,40,39,828,34785001,0
376,1417723399,264996589,39,40,39,1028,33789001,0
376,1417723399,264996589,44,40,38,1757,34577001,0
377,1417723399,264996589,34,40,39,822,34120001,0
377,1417723399,264996589,49,40,35,454,29307001,0
377,1417723399,264996589,40,40,39,1797,34913001,0
377,1417723399,270996512,47,40,39,1028,34703001,0
377,1417723399,270996512,35,40,39,1034,35169001,0
378,1417723399,270996512,37,40,36,454,26225001,0
378,1417723399,272996486,36,40,40,1811,34940001,0
378,1417723399,280996383,33,40,35,454,35213001,0
378,1417723399,280996383,31,40,39,1034,34901001,0
378,1417723399,280996383,45,40,37,454,34936001,0
379,1417723399,280996383,26,40,39,828,35237001,0
379,1417723399,280996383,38,40,39,822,35322001,0
379,1417723399,281996370,28,40,40,1811,35233001,0
379,1417723399,281996370,43,40,39,1022,35677001,0
379,1417723399,281996370,32,40,38,1757,36730001,1
380,1417723399,282996357,41,40,39,454,37374001,0
380,1417723399,282996357,48,40,39,1787,35463001,0
380,1417723399,286996306,29,40,37,371,35363001,0
380,1417723399,291996241,50,40,39,828,35269001,0
380,1417723399,291996241,42,40,39,825,34475001,0
381,1417723399,291996241,46,40,39,823,35237001,0
381,1417723399,291996241,27,40,39,1028,35529001,0
381,1417723399,291996241,30,40,39,828,34856001,0
381,1417723399,299996138,39,40,39,1028,34765001,0
381,1417723399,299996138,44,40,39,1757,35308001,0
382,1417723399,299996138,34,40,39,828,34685001,0
382,1417723399,299996138,49,40,36,454,35519001,10
382,1417723399,299996138,40,40,39,1797,34933001,0
382,1417723399,305996061,47,40,39,1028,35170001,0
382,1417723399,305996061,35,40,39,1034,34876001,0
383,1417723399,305996061,37,40,37,454,35425001,1
383,1417723399,307996035,36,40,40,1811,32721001,0
383,1417723399,315995932,33,40,36,454,33492001,0
383,1417723399,315995932,31,40,39,1034,34395001,0
383,1417723399,315995932,26,40,39,828,33131001,0
384,1417723399,316995919,45,40,38,454,33493001,0
384,1417723399,316995919,38,40,39,828,35077001,0
384,1417723399,316995919,28,40,40,1811,34978001,0
384,1417723399,316995919,43,40,39,1022,34393001,0
384,1417723399,316995919,32,40,39,1757,35002001,0
385,1417723399,318995894,41,40,39,454,35256001,0
385,1417723399,318995894,48,40,39,1787,28997001,0
385,1417723399,321995855,42,40,39,825,34270001,0
385,1417723399,326995791,50,40,39,827,34539001,0
385,1417723399,327995778,29,40,38,371,35265001,0
386,1417723399,327995778,46,40,39,823,34909001,0
386,1417723399,327995778,27,40,39,1028,34924001,0
386,1417723399,327995778,30,40,39,828,35040001,0
386,1417723399,334995688,39,40,39,1034,34549001,0
386,1417723399,334995688,44,40,39,1757,35140001,0
387,1417723399,334995688,34,40,39,828,34689001,0
387,1417723399,335995675,49,40,37,454,34840001,0
387,1417723399,335995675,40,40,40,1811,35259001,0
387,1417723399,340995610,47,40,39,1028,35128001,0
387,1417723399,340995610,35,40,39,1034,35728001,1
388,1417723399,340995610,37,40,38,454,27194001,0
388,1417723399,342995585,36,40,40,1811,35454001,1
388,1417723399,351995469,26,40,39,828,35627001,2
388,1417723399,351995469,31,40,39,1031,34734001,0
388,1417723399,351995469,38,40,39,828,35448001,2
389,1417723399,351995469,45,40,39,454,35599001,3
389,1417723399,351995469,43,40,39,1022,35753001,3
389,1417723399,351995469,28,40,40,1811,35038001,0
389,1417723399,351995469,33,40,37,454,35651001,0
389,1417723399,351995469,32,40,39,1757,35381001,0
390,1417723399,353995443,41,40,39,454,35386001,0
390,1417723399,353995443,48,40,39,1783,35465001,1
390,1417723399,357995391,42,40,39,825,34513001,0
390,1417723399,362995327,50,40,39,827,35302001,0
390,1417723399,362995327,29,40,39,371,35332001,0
391,1417723399,362995327,46,40,39,823,35299001,0
391,1417723399,362995327,27,40,39,1028,35087001,0
391,1417723399,362995327,39,40,39,1034,35114001,0
391,1417723399,369995237,44,40,39,1751,34916001,0
391,1417723399,370995224,34,40,39,828,34753001,0
392,1417723399,370995224,30,40,39,828,34873001,0
392,1417723399,370995224,49,40,38,454,34856001,0
392,1417723399,370995224,40,40,40,1811,35103001,0
392,1417723399,376995147,35,40,39,1031,35555001,4
392,1417723399,376995147,47,40,39,1028,35286001,0
393,1417723399,376995147,37,40,39,454,35336001,1
393,1417723399,378995121,36,40,40,1811,34616001,0
393,1417723399,386995018,31,40,39,1031,35667001,2
393,1417723399,387995005,26,40,39,828,34790001,0
393,1417723399,387995005,38,40,39,828,35687001,2
394,1417723399,387995005,28,40,40,1811,35914001,2
394,1417723399,387995005,43,40,39,1022,35034001,0
394,1417723399,387995005,45,40,39,454,35916001,1
394,1417723399,387995005,33,40,38,454,36206001,1
394,1417723399,387995005,32,40,39,1751,35299001,0
395,1417723399,388994992,41,40,39,454,35244001,0
395,1417723399,389994979,48,40,39,1783,35489001,0
395,1417723399,392994941,42,40,39,831,34644001,0
395,1417723399,397994876,50,40,39,827,35052001,0
395,1417723399,397994876,29,40,39,371,35319001,0
396,1417723399,398994864,46,40,39,825,34723001,0
396,1417723399,398994864,27,40,39,1034,34891001,0
396,1417723399,398994864,39,40,39,1034,34581001,0
396,1417723399,405994773,30,40,39,828,35482001,0
396,1417723399,405994773,44,40,39,1751,34743001,0
397,1417723399,405994773,34,40,39,828,35116001,0
397,1417723399,405994773,49,40,39,454,34900001,0
397,1417723399,405994773,40,40,40,1811,35441001,1
397,1417723399,411994696,47,40,39,1034,35422001,0
397,1417723399,411994696,35,40,39,1031,35406001,2
398,1417723399,411994696,37,40,39,454,26370001,0
398,1417723399,413994670,36,40,40,1811,34575001,0
398,1417723399,422994555,38,40,39,828,35004001,0
398,1417723399,422994555,31,40,39,1031,33339001,0
398,1417723399,422994555,26,40,39,827,33658001,0
399,1417723399,422994555,28,40,40,1811,34521001,0
399,1417723399,422994555,43,40,39,1027,34740001,0
399,1417723399,422994555,45,40,39,454,35917001,2
399,1417723399,422994555,33,40,39,454,35178001,0
399,1417723399,422994555,32,40,39,1751,35327001,0
400,1417723399,423994542,41,40,39,454,35340001,0
400,1417723399,424994529,48,40,39,1783,30414001,0
400,1417723399,427994490,42,40,39,831,34600001,0
400,1417723399,432994426,50,40,39,828,34474001,0
400,1417723399,432994426,29,40,39,371,35300001,0
401,1417723399,432994426,46,40,39,825,35062001,0
401,1417723399,433994413,27,40,39,1034,35155001,0
401,1417723399,433994413,44,40,39,1751,35403001,7
401,1417723399,440994323,34,40,39,828,34577001,0
401,1417723399,440994323,39,40,39,1031,34621001,0
402,1417723399,440994323,49,40,39,454,34879001,0
402,1417723399,440994323,30,40,39,828,34908001,0
402,1417723399,441994310,40,40,40,1811,34686001,0
402,1417723399,446994246,35,40,39,1031,34804001,0
402,1417723399,446994246,47,40,39,1034,35138001,0
403,1417723399,446994246,37,40,39,454,37082001,3
403,1417723399,448994220,26,40,39,827,34765001,0
403,1417723399,457994104,38,40,39,828,34490001,0
403,1417723399,457994104,36,40,40,1811,34511001,0
403,1417723399,457994104,31,40,39,1023,34865001,0
404,1417723399,457994104,43,40,39,1027,34486001,0
404,1417723399,457994104,28,40,38,1787,35207001,0
404,1417723399,457994104,45,40,39,454,35074001,0
404,1417723399,457994104,33,40,39,454,34952001,0
404,1417723399,457994104,32,40,39,1751,35343001,0
405,1417723399,459994078,41,40,34,403,35299001,0
405,1417723399,459994078,48,40,37,1757,35480001,1
405,1417723399,463994027,50,40,39,828,34642001,0
405,1417723399,468993962,42,40,39,831,33852001,0
405,1417723399,468993962,29,40,39,371,35274001,0
406,1417723399,468993962,46,40,39,825,35237001,0
406,1417723399,468993962,27,40,39,1034,34748001,0
406,1417723399,468993962,34,40,39,828,34769001,0
406,1417723399,475993872,39,40,39,1031,35098001,0
406,1417723399,476993859,44,40,40,1769,34994001,0
