Simulation time,DDS time seconds,DDS time nanoseconds,Turbine Id,Setpoint,Current production,Max production,MS since last write,Cache count
0,1421407649,835989237,57,133,134,1765,14641001,0
0,1421407649,889988542,51,133,134,1773,15030001,0
0,1421407649,890988529,53,133,134,1765,20369001,2
1,1421407649,893988491,55,133,134,1773,20265001,1
1,1421407649,894988478,52,133,131,1268,20332001,4
1,1421407649,894988478,54,133,132,1914,20101001,0
1,1421407649,894988478,50,133,132,1919,20154001,0
1,1421407649,894988478,56,133,132,1289,20471001,0
2,1421407649,894988478,4,133,132,901,20709001,1
2,1421407649,894988478,5,133,140,1553,20306001,0
2,1421407649,894988478,2,133,130,1910,21028001,1
2,1421407649,894988478,1,133,137,1553,20552001,2
2,1421407649,894988478,7,133,132,1710,21329001,5
3,1421407649,895988465,3,133,130,1682,20589001,0
3,1421407649,895988465,6,133,132,1944,21391001,2
3,1421407649,895988465,57,133,134,1765,14664001,0
3,1421407649,903988362,51,133,134,1773,14810001,0
3,1421407649,908988298,53,133,134,1765,20313001,0
4,1421407649,914988220,55,133,134,1788,20476001,1
4,1421407649,914988220,52,133,132,1268,20215001,0
4,1421407649,914988220,50,133,132,1919,20274001,3
4,1421407649,914988220,54,133,132,1914,20615001,4
4,1421407649,914988220,56,133,132,1289,20388001,0
5,1421407649,914988220,5,133,139,1553,19670001,0
5,1421407649,914988220,4,133,132,901,19830001,0
5,1421407649,914988220,2,133,131,1910,20101001,0
5,1421407649,914988220,1,133,136,1553,20840001,1
5,1421407649,915988207,7,133,130,1682,20058001,0
6,1421407649,915988207,3,133,131,1682,20302001,2
6,1421407649,915988207,6,133,129,1910,20115001,0
6,1421407649,915988207,57,133,134,1765,14772001,0
6,1421407649,923988104,51,133,134,1773,15089001,0
6,1421407649,929988027,52,133,132,1268,20308001,1
7,1421407649,935987950,55,133,134,1788,20525001,1
7,1421407649,935987950,50,133,132,1914,20373001,1
7,1421407649,935987950,53,133,134,1765,20182001,0
7,1421407649,935987950,56,133,132,1287,20200001,0
7,1421407649,935987950,54,133,132,1914,19177001,0
8,1421407649,935987950,5,133,138,1553,20083001,0
8,1421407649,935987950,4,133,132,897,20190001,0
8,1421407649,935987950,1,133,135,1553,20064001,0
8,1421407649,935987950,2,133,132,1910,20107001,0
8,1421407649,935987950,7,133,131,1682,20045001,0
9,1421407649,935987950,3,133,132,1682,20120001,0
9,1421407649,936987937,6,133,130,1910,20157001,0
9,1421407649,936987937,57,133,134,1765,14718001,0
9,1421407649,943987847,51,133,134,1788,15085001,0
9,1421407649,949987770,55,133,134,1788,20132001,0
10,1421407649,954987705,50,133,132,1914,20033001,0
10,1421407649,954987705,53,133,134,1765,20452001,4
10,1421407649,954987705,56,133,132,1287,19194001,0
10,1421407649,955987692,54,133,132,1907,20573001,6
10,1421407649,955987692,52,133,132,1268,20201001,0
11,1421407649,955987692,5,133,137,1553,20359001,1
11,1421407649,955987692,4,133,132,897,20254001,0
11,1421407649,955987692,1,133,134,1553,20274001,2
11,1421407649,955987692,7,133,132,1682,20223001,1
11,1421407649,955987692,6,133,131,1910,20338001,2
12,1421407649,955987692,3,133,132,1673,20364001,3
12,1421407649,955987692,2,133,130,1885,20277001,0
12,1421407649,955987692,57,133,134,1765,14613001,0
12,1421407649,964987577,51,133,134,1788,15167001,0
12,1421407649,970987499,50,133,132,1914,20268001,0
13,1421407649,975987435,55,133,134,1788,20017001,0
13,1421407649,975987435,53,133,134,1765,20060001,0
13,1421407649,975987435,56,133,132,1287,20499001,3
13,1421407649,975987435,52,133,131,1256,19230001,0
13,1421407649,975987435,54,133,132,1907,20168001,0
14,1421407649,975987435,1,133,134,1553,20412001,2
14,1421407649,975987435,4,133,132,897,20384001,0
14,1421407649,975987435,5,133,136,1553,20362001,0
14,1421407649,975987435,7,133,132,1673,20576001,4
14,1421407649,975987435,6,133,132,1910,20728001,3
15,1421407649,975987435,3,133,132,1673,20753001,1
15,1421407649,976987422,2,133,131,1885,20785001,2
15,1421407649,976987422,57,133,134,1765,14554001,0
15,1421407649,984987319,51,133,134,1788,15393002,0
15,1421407649,990987242,55,133,135,1810,19813001,0
16,1421407649,995987177,53,133,134,1765,20422001,3
16,1421407649,995987177,50,133,132,1907,20351001,0
16,1421407649,995987177,54,133,132,1907,20374001,0
16,1421407649,995987177,56,133,131,1268,20300001,0
16,1421407649,995987177,52,133,132,1256,19137001,0
17,1421407649,995987177,5,133,135,1553,20107001,0
17,1421407649,995987177,4,133,132,897,20173001,0
17,1421407649,995987177,1,133,134,1553,20121001,0
17,1421407649,996987165,7,133,132,1673,20113001,0
17,1421407649,996987165,2,133,132,1885,20355001,0
18,1421407649,997987152,6,133,130,1885,20249001,0
18,1421407649,997987152,3,133,132,1673,20456001,1
18,1421407649,997987152,57,133,134,1765,14447002,0
18,1421407650,4999936,51,133,134,1788,15447002,0
18,1421407650,10999859,53,133,134,1765,20235002,0
19,1421407650,15999795,55,133,134,1810,20154001,0
19,1421407650,15999795,50,133,132,1907,20304001,1
19,1421407650,15999795,54,133,132,1907,20374002,1
19,1421407650,15999795,52,133,132,1256,20367002,3
19,1421407650,16999782,56,133,132,1268,20355002,1
20,1421407650,16999782,4,133,132,901,20035001,0
20,1421407650,16999782,7,133,132,1673,20205001,0
20,1421407650,16999782,5,133,134,1553,20026001,0
20,1421407650,16999782,1,133,134,1553,19997001,0
20,1421407650,16999782,6,133,131,1885,20224001,0
21,1421407650,17999769,3,133,132,1673,20375001,0
21,1421407650,17999769,2,133,129,1848,20460001,4
21,1421407650,17999769,57,133,134,1765,14531002,0
21,1421407650,25999666,51,133,135,1810,15481001,0
21,1421407650,31999589,50,133,132,1907,20256002,0
22,1421407650,36999524,53,133,134,1765,20260002,0
22,1421407650,36999524,55,133,134,1810,20165002,0
22,1421407650,36999524,54,133,132,1898,20516002,3
22,1421407650,36999524,52,133,132,1253,20354001,3
22,1421407650,36999524,56,133,132,1268,20292001,0
23,1421407650,36999524,4,133,132,901,20210001,0
23,1421407650,37999511,1,133,134,1553,20179001,0
23,1421407650,37999511,5,133,134,1553,20135002,0
23,1421407650,37999511,7,133,132,1673,20258001,0
23,1421407650,38999498,2,133,130,1848,20578001,0
24,1421407650,38999498,3,133,132,1673,20588002,0
24,1421407650,38999498,6,133,132,1885,20716001,1
24,1421407650,38999498,57,133,134,1765,14425002,0
24,1421407650,45999408,51,133,134,1810,15801002,0
24,1421407650,51999331,53,133,134,1765,20364002,0
25,1421407650,56999267,50,133,132,1907,20331002,0
25,1421407650,56999267,55,133,134,1818,20215002,0
25,1421407650,56999267,54,133,132,1898,20322002,0
25,1421407650,56999267,52,133,132,1253,20389002,0
25,1421407650,56999267,56,133,132,1268,18999002,0
26,1421407650,56999267,1,133,134,1553,19839001,0
26,1421407650,58999241,7,133,132,1673,20320002,0
26,1421407650,58999241,5,133,134,1553,19789002,0
26,1421407650,58999241,4,133,132,901,20074002,0
26,1421407650,58999241,6,133,129,1848,20269001,0
27,1421407650,58999241,3,133,132,1673,20433002,0
27,1421407650,58999241,2,133,131,1848,20438001,0
27,1421407650,58999241,57,133,134,1765,14498002,0
27,1421407650,65999151,51,133,134,1810,15728002,0
27,1421407650,72999061,53,133,134,1765,20203002,0
28,1421407650,76999009,55,133,134,1818,19993002,0
28,1421407650,76999009,50,133,132,1898,20252002,0
28,1421407650,76999009,54,133,132,1898,20420002,1
28,1421407650,76999009,52,133,132,1253,20220002,0
28,1421407650,77998996,56,133,131,1256,18620002,0
29,1421407650,77998996,5,133,134,1553,19936002,0
29,1421407650,78998983,4,133,132,894,20095002,0
29,1421407650,78998983,1,133,134,1553,20098002,0
29,1421407650,78998983,7,133,132,1673,19861002,0
29,1421407650,79998971,6,133,130,1848,20157002,0
30,1421407650,79998971,3,133,132,1673,20784001,0
30,1421407650,79998971,2,133,129,1821,20476001,0
30,1421407650,79998971,57,133,134,1765,14313002,0
30,1421407650,86998880,51,133,134,1818,15690002,0
30,1421407650,92998803,53,133,134,1765,20280002,0
31,1421407650,96998752,55,133,134,1818,20235002,0
31,1421407650,96998752,54,133,131,1882,20191002,0
31,1421407650,97998739,52,133,132,1243,20602002,3
31,1421407650,97998739,56,133,132,1256,20588002,2
31,1421407650,97998739,50,133,132,1898,20640002,0
32,1421407650,97998739,5,133,134,1553,19876002,0
32,1421407650,99998713,1,133,139,1614,19780002,0
32,1421407650,99998713,7,133,132,1673,19950002,0
32,1421407650,99998713,6,133,131,1848,20297002,0
32,1421407650,99998713,4,133,132,894,20875002,0
33,1421407650,99998713,2,133,130,1821,20014002,0
33,1421407650,99998713,3,133,131,1657,13283002,0
33,1421407650,100998700,57,133,134,1765,14407002,0
33,1421407650,106998623,51,133,134,1818,15845002,0
33,1421407650,112998546,55,133,135,1838,20107002,0
34,1421407650,117998481,54,133,132,1882,20288002,0
34,1421407650,117998481,52,133,132,1243,20552002,1
34,1421407650,117998481,53,133,134,1765,20323002,0
34,1421407650,117998481,50,133,132,1898,20733002,1
34,1421407650,117998481,56,133,132,1256,20827002,1
35,1421407650,117998481,1,133,138,1614,20179002,0
35,1421407650,119998456,7,133,131,1657,19937002,0
35,1421407650,119998456,5,133,134,1553,20051002,0
35,1421407650,119998456,6,133,129,1821,20310002,0
35,1421407650,120998443,4,133,132,894,20315002,0
36,1421407650,120998443,2,133,131,1821,20631002,5
36,1421407650,120998443,3,133,132,1657,20466002,1
36,1421407650,120998443,57,133,134,1765,14550002,0
36,1421407650,127998353,51,133,134,1818,15998002,0
36,1421407650,133998275,55,133,134,1838,20662002,2
37,1421407650,137998224,52,133,132,1243,20170002,0
37,1421407650,137998224,53,133,134,1765,20324002,0
37,1421407650,138998211,50,133,131,1882,20829002,4
37,1421407650,138998211,54,133,132,1882,20597002,0
37,1421407650,138998211,56,133,132,1253,18650002,0
38,1421407650,138998211,1,133,137,1614,20245002,0
38,1421407650,140998185,7,133,132,1657,20018002,0
38,1421407650,140998185,5,133,134,1553,20592002,1
38,1421407650,140998185,2,133,132,1821,20668002,1
38,1421407650,140998185,6,133,130,1821,20588002,3
39,1421407650,140998185,4,133,131,882,20444002,0
39,1421407650,140998185,3,133,132,1657,20569002,2
39,1421407650,140998185,57,133,134,1765,14659002,0
39,1421407650,147998095,51,133,135,1838,16089002,0
39,1421407650,154998005,55,133,134,1838,20468002,0
40,1421407650,158997953,52,133,132,1243,20030002,0
40,1421407650,158997953,53,133,134,1765,20503002,1
40,1421407650,158997953,50,133,132,1882,20036002,0
40,1421407650,158997953,54,133,129,1848,20114002,0
40,1421407650,158997953,56,133,132,1253,18577002,0
41,1421407650,158997953,5,133,139,1614,20215002,0
41,1421407650,160997928,7,133,132,1657,20103002,0
41,1421407650,160997928,1,133,136,1614,20170002,0
41,1421407650,160997928,2,133,131,1807,20338002,0
41,1421407650,160997928,6,133,131,1821,20411002,0
42,1421407650,160997928,3,133,132,1656,20409002,1
42,1421407650,161997915,4,133,132,882,20277002,0
42,1421407650,161997915,57,133,134,1765,14487002,0
42,1421407650,168997825,51,133,134,1838,16260002,0
42,1421407650,174997747,53,133,127,1691,20424002,1
43,1421407650,178997696,52,133,132,1246,20030002,0
43,1421407650,178997696,55,133,134,1838,20110002,0
43,1421407650,178997696,54,133,130,1848,20302002,2
43,1421407650,178997696,50,133,132,1882,20429002,1
43,1421407650,178997696,56,133,132,1253,20356002,1
44,1421407650,178997696,5,133,138,1614,19957002,0
44,1421407650,180997670,1,133,135,1614,20076002,0
44,1421407650,180997670,7,133,132,1656,20069002,0
44,1421407650,181997657,6,133,132,1821,20250002,0
44,1421407650,181997657,3,133,132,1656,20592002,4
45,1421407650,181997657,2,133,132,1807,20281002,0
45,1421407650,181997657,4,133,132,882,20672002,1
45,1421407650,181997657,57,133,134,1765,14171002,0
45,1421407650,188997567,51,133,134,1838,16173002,0
45,1421407650,194997490,55,133,135,1865,20037002,0
46,1421407650,198997438,52,133,132,1246,20133002,0
46,1421407650,198997438,53,133,128,1691,20291002,0
46,1421407650,198997438,54,133,131,1848,20333002,2
46,1421407650,199997426,50,133,129,1848,20410002,1
46,1421407650,199997426,56,133,132,1243,18514002,0
47,1421407650,199997426,1,133,134,1614,20147002,0
47,1421407650,201997400,5,133,137,1614,19913002,0
47,1421407650,201997400,7,133,132,1656,20041002,0
47,1421407650,201997400,3,133,132,1656,20621002,1
47,1421407650,201997400,2,133,132,1807,20621002,6
48,1421407650,201997400,6,133,131,1807,20218002,0
48,1421407650,201997400,4,133,132,882,20402002,0
48,1421407650,201997400,57,133,134,1765,14141002,0
48,1421407650,208997310,51,133,134,1838,16305002,0
48,1421407650,215997220,55,133,134,1865,20064002,0
49,1421407650,218997181,53,133,129,1691,20384002,1
49,1421407650,219997168,52,133,132,1246,20247002,0
49,1421407650,219997168,50,133,130,1848,19834002,0
49,1421407650,219997168,54,133,132,1848,20270002,0
49,1421407650,219997168,56,133,132,1243,18265002,0
50,1421407650,219997168,5,133,136,1614,19990002,0
50,1421407650,221997142,7,133,132,1656,20387002,0
50,1421407650,221997142,3,133,131,1642,20284002,0
50,1421407650,221997142,2,133,130,1780,20445002,0
50,1421407650,221997142,4,133,132,875,20896002,5
51,1421407650,222997129,1,133,134,1614,20361002,0
51,1421407650,222997129,6,133,132,1807,20552002,0
51,1421407650,222997129,57,133,134,1765,14210000,0
51,1421407650,229997039,51,133,135,1865,16290000,0
51,1421407650,235996962,53,133,130,1691,20239000,0
52,1421407650,239996911,55,133,134,1865,20076000,0
52,1421407650,239996911,54,133,130,1819,20236000,0
52,1421407650,239996911,56,133,132,1243,18078000,0
52,1421407650,239996911,52,133,132,1249,19906000,0
52,1421407650,239996911,50,133,131,1848,20330000,2
53,1421407650,239996911,5,133,135,1614,20389002,0
53,1421407650,242996872,3,133,132,1642,20222002,0
53,1421407650,242996872,2,133,131,1780,20218002,0
53,1421407650,242996872,6,133,132,1807,20895002,1
53,1421407650,242996872,1,133,134,1614,13034002,0
54,1421407650,242996872,7,133,131,1642,20451002,0
54,1421407650,242996872,4,133,132,875,20580002,0
54,1421407650,242996872,57,133,134,1765,14268000,0
54,1421407650,249996782,51,133,134,1865,20500000,1
54,1421407650,255996705,53,133,131,1691,20544000,0
55,1421407650,265996576,55,133,135,1887,20522000,0
55,1421407650,265996576,54,133,131,1819,20416000,0
55,1421407650,265996576,52,133,132,1249,20953000,2
55,1421407650,265996576,56,133,132,1243,20911000,3
55,1421407650,265996576,50,133,132,1848,21232000,1
56,1421407650,265996576,3,133,132,1642,20431002,0
56,1421407650,265996576,6,133,130,1780,20246002,0
56,1421407650,266996563,2,133,132,1780,20222002,0
56,1421407650,266996563,7,133,132,1642,20887002,1
56,1421407650,266996563,1,133,134,1614,20587002,7
57,1421407650,267996550,4,133,132,875,20348002,0
57,1421407650,267996550,5,133,134,1614,20475002,0
57,1421407650,267996550,57,133,134,1765,14120000,0
57,1421407650,269996524,51,133,134,1865,15759000,0
57,1421407650,276996434,55,133,134,1887,20581000,3
58,1421407650,280996383,54,133,132,1819,19952000,0
58,1421407650,280996383,53,133,132,1691,19808000,0
58,1421407650,280996383,52,133,132,1249,20120000,0
58,1421407650,280996383,50,133,130,1819,20146000,0
58,1421407650,280996383,56,133,132,1246,18261000,0
59,1421407650,280996383,6,133,131,1780,20642000,2
59,1421407650,283996344,7,133,132,1642,20239000,0
59,1421407650,283996344,1,133,134,1614,20422000,0
59,1421407650,283996344,4,133,132,877,20766000,6
59,1421407650,283996344,5,133,134,1614,20977000,2
60,1421407650,283996344,3,133,132,1642,13174000,0
60,1421407650,283996344,2,133,131,1765,20529000,0
60,1421407650,283996344,57,133,134,1765,14106000,0
60,1421407650,290996254,51,133,135,1887,16608000,0
60,1421407650,296996177,55,133,134,1887,20160000,0
61,1421407650,300996125,53,133,132,1691,20400000,2
61,1421407650,300996125,54,133,131,1800,20273000,0
61,1421407650,300996125,52,133,131,1232,20170000,0
61,1421407650,300996125,50,133,131,1819,20352000,1
61,1421407650,300996125,56,133,132,1246,17906000,0
62,1421407650,300996125,6,133,132,1780,20125000,0
62,1421407650,303996087,7,133,132,1642,20083000,0
62,1421407650,303996087,1,133,134,1614,20171000,0
62,1421407650,303996087,4,133,132,877,20308000,0
62,1421407650,303996087,5,133,134,1614,20436000,0
63,1421407650,304996074,3,133,132,1633,20731000,2
63,1421407650,304996074,2,133,132,1765,20623000,1
63,1421407650,304996074,57,133,127,1691,14064000,0
63,1421407650,310995997,51,133,134,1887,16722000,0
63,1421407650,317995906,55,133,135,1909,20350000,0
64,1421407650,320995868,54,133,132,1800,20334000,1
64,1421407650,320995868,53,133,132,1691,20302000,0
64,1421407650,320995868,50,133,132,1819,20309000,2
64,1421407650,321995855,52,133,132,1232,20128000,0
64,1421407650,321995855,56,133,132,1246,20282000,1
65,1421407650,321995855,1,133,134,1614,19928000,0
65,1421407650,323995829,7,133,132,1633,19976000,0
65,1421407650,324995816,6,133,131,1765,20091000,0
65,1421407650,324995816,3,133,132,1633,20604000,5
65,1421407650,324995816,5,133,134,1614,20350000,0
66,1421407650,324995816,4,133,132,877,13412000,0
66,1421407650,324995816,2,133,132,1765,13291000,0
66,1421407650,324995816,57,133,128,1691,13978000,0
66,1421407650,330995739,51,133,134,1887,16852000,0
66,1421407650,337995649,55,133,134,1909,20240000,0
67,1421407650,340995610,53,133,132,1691,20406000,1
67,1421407650,341995597,54,133,132,1800,19912000,0
67,1421407650,341995597,52,133,132,1232,20234000,2
67,1421407650,341995597,50,133,131,1800,20100000,0
67,1421407650,341995597,56,133,132,1249,20138000,0
68,1421407650,341995597,6,133,132,1765,20086000,0
68,1421407650,344995559,7,133,132,1633,20346000,0
68,1421407650,344995559,1,133,134,1614,20075000,0
68,1421407650,344995559,3,133,132,1633,20139000,0
68,1421407650,344995559,4,133,132,876,20364000,7
69,1421407650,344995559,5,133,134,1614,20270000,0
69,1421407650,344995559,2,133,132,1765,20573000,4
69,1421407650,344995559,57,133,129,1691,20437000,1
69,1421407650,351995469,51,133,135,1909,16996000,0
69,1421407650,358995379,53,133,132,1691,20309000,0
70,1421407650,361995340,54,133,132,1791,20374000,3
70,1421407650,361995340,52,133,132,1232,20435000,1
70,1421407650,361995340,50,133,132,1800,20284000,2
70,1421407650,361995340,56,133,132,1249,20190000,0
70,1421407650,361995340,55,133,134,1909,20559000,0
71,1421407650,361995340,7,133,132,1633,20178000,0
71,1421407650,364995301,5,133,134,1614,20314000,0
71,1421407650,364995301,3,133,131,1621,20377000,0
71,1421407650,364995301,4,133,132,876,20320000,0
71,1421407650,365995288,2,133,132,1763,20835000,3
72,1421407650,365995288,1,133,134,1614,20543000,0
72,1421407650,365995288,6,133,132,1765,20480000,0
72,1421407650,365995288,57,133,130,1691,20383000,0
72,1421407650,371995211,51,133,134,1909,17018000,0
72,1421407650,378995121,53,133,132,1691,20359000,0
73,1421407650,381995082,54,133,132,1791,20369000,0
73,1421407650,381995082,52,133,131,1216,20384000,2
73,1421407650,381995082,50,133,132,1800,17187000,0
73,1421407650,381995082,56,133,132,1249,20670000,4
73,1421407650,382995070,55,133,134,1909,17148000,0
74,1421407650,382995070,3,133,132,1621,20178000,0
74,1421407650,385995031,5,133,134,1614,20229000,0
74,1421407650,385995031,4,133,132,876,20215000,0
74,1421407650,385995031,7,133,131,1621,20396000,0
74,1421407650,385995031,2,133,132,1763,20401000,0
75,1421407650,385995031,1,133,134,1614,20793000,3
75,1421407650,385995031,6,133,132,1765,20632000,1
75,1421407650,386995018,57,133,131,1691,13564000,0
75,1421407650,392994941,51,133,134,1909,20642000,1
75,1421407650,398994864,53,133,132,1691,19983000,0
76,1421407650,401994825,52,133,132,1216,19826000,0
76,1421407650,402994812,54,133,132,1791,20001000,0
76,1421407650,402994812,50,133,132,1791,20351000,2
76,1421407650,402994812,55,133,134,1921,17061000,0
76,1421407650,402994812,56,133,131,1232,20135000,0
77,1421407650,402994812,4,133,132,876,20067000,0
77,1421407650,405994773,7,133,132,1621,20124000,0
77,1421407650,405994773,5,133,134,1614,20126000,0
77,1421407650,405994773,3,133,132,1621,20293000,0
77,1421407650,406994761,1,133,134,1614,20439000,0
78,1421407650,406994761,2,133,132,1763,20295000,0
78,1421407650,406994761,6,133,132,1763,20546000,2
78,1421407650,406994761,57,133,132,1691,13577000,0
78,1421407650,412994683,51,133,134,1909,17220000,0
78,1421407650,420994580,54,133,132,1791,20227000,0
79,1421407650,423994542,52,133,132,1216,20334000,0
79,1421407650,423994542,53,133,132,1691,20291000,0
79,1421407650,423994542,50,133,132,1791,20398000,4
79,1421407650,423994542,55,133,134,1921,16762000,0
79,1421407650,423994542,56,133,132,1232,20447000,3
80,1421407650,423994542,5,133,134,1614,19994000,0
80,1421407650,426994503,4,133,132,874,20078000,0
80,1421407650,427994490,7,133,132,1621,20188000,0
80,1421407650,427994490,3,133,130,1599,20300000,0
80,1421407650,427994490,1,133,134,1614,20340000,0
81,1421407650,427994490,2,133,131,1751,20207000,0
81,1421407650,427994490,6,133,132,1763,20380000,1
81,1421407650,427994490,57,133,132,1691,13633000,0
81,1421407650,433994413,51,133,134,1921,17417000,0
81,1421407650,440994323,50,133,132,1791,20003000,0
82,1421407650,443994284,52,133,131,1197,20209000,0
82,1421407650,443994284,54,133,133,1802,20104000,0
82,1421407650,443994284,53,133,132,1691,20250000,0
82,1421407650,443994284,55,133,134,1921,20426000,3
82,1421407650,443994284,56,133,132,1232,16778000,0
83,1421407650,443994284,7,133,130,1599,20284000,0
83,1421407650,447994233,5,133,134,1614,20111000,0
83,1421407650,447994233,3,133,131,1599,20330000,0
83,1421407650,447994233,4,133,132,874,20158000,0
83,1421407650,447994233,1,133,134,1614,20325000,0
84,1421407650,447994233,2,133,132,1751,20264000,0
84,1421407650,448994220,6,133,132,1763,20752000,0
84,1421407650,448994220,57,133,132,1691,13751000,0
84,1421407650,454994143,51,133,134,1921,17339000,0
84,1421407650,461994052,50,133,132,1791,20080000,0
85,1421407650,463994027,54,133,133,1802,20434000,4
85,1421407650,463994027,52,133,132,1197,20303000,0
85,1421407650,463994027,55,133,135,1950,20577000,3
85,1421407650,464994014,56,133,132,1232,16595000,0
85,1421407650,464994014,53,133,132,1691,16595000,0
86,1421407650,464994014,5,133,134,1614,20104000,0
86,1421407650,467993975,3,133,132,1599,20337000,0
86,1421407650,467993975,7,133,131,1599,20016000,0
86,1421407650,468993962,4,133,132,874,20347000,0
86,1421407650,468993962,2,133,132,1751,20363000,0
87,1421407650,468993962,1,133,134,1614,20423000,0
87,1421407650,468993962,6,133,131,1751,20246000,0
87,1421407650,468993962,57,133,132,1691,13638000,0
87,1421407650,474993885,51,133,134,1921,17606000,0
87,1421407650,481993795,52,133,132,1197,19988000,0
88,1421407650,484993756,54,133,133,1802,20055000,0
88,1421407650,484993756,50,133,133,1802,19968000,0
88,1421407650,484993756,55,133,134,1950,20028000,0
88,1421407650,484993756,53,133,132,1691,16439000,0
88,1421407650,484993756,56,133,131,1216,20376000,5
89,1421407650,484993756,7,133,132,1599,20117000,0
89,1421407650,488993705,5,133,134,1614,20272000,0
89,1421407650,488993705,4,133,133,886,20214000,0
89,1421407650,488993705,3,133,132,1599,20249000,0
89,1421407650,488993705,2,133,131,1738,20332000,0
90,1421407650,488993705,1,133,134,1614,20330000,0
90,1421407650,488993705,6,133,132,1751,13661000,0
90,1421407650,488993705,57,133,132,1691,13548000,0
90,1421407650,494993628,51,133,135,1950,17950000,0
90,1421407650,501993537,55,133,134,1950,20017000,0
91,1421407650,504993499,50,133,133,1802,20209000,0
91,1421407650,504993499,54,133,134,1822,20129000,0
91,1421407650,504993499,52,133,130,1171,20298000,0
91,1421407650,504993499,56,133,132,1216,20384000,1
91,1421407650,504993499,53,133,132,1691,20369000,6
92,1421407650,504993499,7,133,132,1599,20099000,0
92,1421407650,508993447,4,133,133,886,20347000,0
92,1421407650,508993447,5,133,134,1614,20082000,0
92,1421407650,508993447,3,133,131,1588,20285000,0
92,1421407650,508993447,2,133,132,1738,20367000,0
93,1421407650,508993447,6,133,132,1751,20345000,7
93,1421407650,509993434,1,133,134,1614,20366000,0
93,1421407650,509993434,57,133,132,1691,13588000,0
93,1421407650,515993357,51,133,134,1950,17955000,0
93,1421407650,522993267,52,133,131,1171,20061000,0
94,1421407650,524993241,54,133,134,1822,19977000,0
94,1421407650,524993241,55,133,136,1985,20306000,0
94,1421407650,524993241,53,133,132,1691,16277000,0
94,1421407650,524993241,50,133,133,1802,20174000,0
94,1421407650,524993241,56,133,132,1216,20395000,0
95,1421407650,525993229,5,133,134,1614,20061000,0
95,1421407650,528993190,3,133,132,1588,20360000,0
95,1421407650,528993190,4,133,133,886,20142000,0
95,1421407650,529993177,6,133,131,1738,20291000,0
95,1421407650,529993177,2,133,132,1738,20758000,1
96,1421407650,529993177,1,133,134,1614,20446000,0
96,1421407650,529993177,7,133,131,1588,20698000,0
96,1421407650,529993177,57,133,132,1691,13601000,0
96,1421407650,536993087,51,133,134,1950,17843000,0
96,1421407650,542993010,55,133,135,1985,20029000,0
97,1421407650,544992984,52,133,132,1171,20166000,0
97,1421407650,545992971,54,133,134,1822,20005000,0
97,1421407650,545992971,50,133,134,1822,20478000,0
97,1421407650,545992971,53,133,132,1691,20519000,3
97,1421407650,545992971,56,133,131,1197,20337000,0
98,1421407650,545992971,5,133,134,1614,20233000,0
98,1421407650,549992920,3,133,132,1588,19816000,0
98,1421407650,549992920,4,133,133,889,20045000,0
98,1421407650,549992920,1,133,134,1614,20344000,0
98,1421407650,549992920,7,133,132,1588,20481000,0
99,1421407650,549992920,2,133,132,1738,20909000,1
99,1421407650,549992920,6,133,132,1738,20728000,0
99,1421407650,550992907,57,133,132,1691,14017000,0
99,1421407650,556992829,51,133,136,1985,18082000,0
99,1421407650,563992739,52,133,132,1171,20051000,0
100,1421407650,565992714,54,133,134,1835,20101000,0
100,1421407650,565992714,55,133,134,1985,19878000,0
100,1421407650,565992714,50,133,134,1822,19946000,0
100,1421407650,565992714,53,133,132,1691,15985000,0
100,1421407650,565992714,56,133,132,1197,16113001,0
101,1421407650,565992714,5,133,134,1614,20046000,0
101,1421407650,569992662,3,133,132,1585,19738000,0
101,1421407650,570992649,4,133,133,889,19915000,0
101,1421407650,570992649,1,133,134,1614,20549000,0
101,1421407650,570992649,7,133,132,1588,20251000,0
102,1421407650,570992649,2,133,130,1712,20580000,0
102,1421407650,570992649,6,133,132,1738,13867000,0
102,1421407650,570992649,57,133,132,1691,14301000,0
102,1421407650,577992559,51,133,135,1985,18419001,0
102,1421407650,583992482,54,133,134,1835,20201001,0
103,1421407650,585992456,52,133,131,1160,20099000,0
103,1421407650,585992456,50,133,134,1822,20312000,1
103,1421407650,585992456,55,133,134,1985,20196001,0
103,1421407650,585992456,56,133,132,1197,20473000,6
103,1421407650,586992443,53,133,132,1691,20441000,1
104,1421407650,586992443,3,133,132,1585,19504000,0
104,1421407650,590992392,5,133,134,1614,19780000,0
104,1421407650,590992392,7,133,132,1585,20976000,2
104,1421407650,590992392,1,133,134,1614,21290000,1
104,1421407650,590992392,6,133,132,1738,20948000,7
105,1421407650,590992392,4,133,133,889,13914000,0
105,1421407650,591992379,2,133,131,1712,20710000,0
105,1421407650,591992379,57,133,132,1691,14297000,0
105,1421407650,597992302,51,133,134,1985,20469000,1
105,1421407650,603992224,54,133,134,1835,20194001,0
106,1421407650,605992199,52,133,132,1160,20363000,2
106,1421407650,605992199,50,133,134,1835,20161001,0
106,1421407650,605992199,55,133,133,1977,20568001,5
106,1421407650,606992186,53,133,132,1691,20405001,1
106,1421407650,606992186,56,133,130,1171,20175001,0
107,1421407650,606992186,5,133,134,1614,20738000,0
107,1421407650,611992121,3,133,132,1585,20274000,0
107,1421407650,611992121,7,133,132,1585,20688000,0
107,1421407650,611992121,1,133,134,1614,21310001,1
107,1421407650,611992121,2,133,132,1712,21377000,2
108,1421407650,611992121,6,133,130,1712,20558000,0
108,1421407650,611992121,4,133,133,889,21877000,5
108,1421407650,611992121,57,133,132,1691,14379001,0
108,1421407650,618992031,51,133,134,1985,18479000,0
108,1421407650,624991954,50,133,134,1835,20333001,3
109,1421407650,624991954,52,133,132,1160,20282001,0
109,1421407650,624991954,54,133,134,1835,20212001,0
109,1421407650,625991941,55,133,133,1977,20128001,0
109,1421407650,626991928,56,133,131,1171,20261001,3
109,1421407650,626991928,53,133,132,1691,20176001,0
110,1421407650,626991928,3,133,130,1563,19480000,0
110,1421407650,631991864,5,133,134,1614,20402000,0
110,1421407650,631991864,7,133,132,1585,20017001,0
110,1421407650,631991864,1,133,134,1614,20628000,1
110,1421407650,631991864,2,133,130,1687,20140001,0
111,1421407650,632991851,6,133,131,1712,20108001,0
111,1421407650,632991851,4,133,132,879,20142000,0
111,1421407650,632991851,57,133,132,1691,14435001,0
111,1421407650,638991774,51,133,133,1977,18667001,0
111,1421407650,644991696,52,133,132,1163,20112001,0
112,1421407650,644991696,54,133,133,1832,19828001,0
112,1421407650,644991696,50,133,134,1835,20277001,0
112,1421407650,644991696,55,133,133,1977,20054001,0
112,1421407650,645991684,56,133,132,1171,20121001,0
112,1421407650,646991671,53,133,132,1691,14832001,0
113,1421407650,646991671,3,133,131,1563,20402001,0
113,1421407650,652991593,1,133,140,1689,20263001,0
113,1421407650,652991593,6,133,132,1712,20224001,1
113,1421407650,652991593,4,133,132,879,13590000,0
113,1421407650,652991593,5,133,134,1614,20618001,1
114,1421407650,652991593,7,133,130,1563,20327000,0
114,1421407650,652991593,2,133,131,1687,20293001,2
114,1421407650,652991593,57,133,132,1691,14539001,0
114,1421407650,658991516,51,133,133,1977,18561001,0
114,1421407650,665991426,55,133,132,1974,20363001,3
115,1421407650,665991426,50,133,134,1835,20174001,0
115,1421407650,665991426,54,133,133,1832,19892001,0
115,1421407650,665991426,52,133,132,1163,20016001,0
115,1421407650,665991426,56,133,132,1171,20394001,3
115,1421407650,665991426,53,133,132,1691,20480001,6
116,1421407650,666991413,1,133,139,1689,20719001,2
116,1421407650,672991336,3,133,132,1563,20555000,0
116,1421407650,673991323,4,133,132,879,20418001,7
116,1421407650,673991323,6,133,130,1687,20666001,4
116,1421407650,673991323,7,133,131,1563,20359001,1
117,1421407650,674991310,2,133,132,1687,20688001,3
117,1421407650,674991310,5,133,134,1614,21059001,1
117,1421407650,675991297,57,133,132,1691,14576001,0
117,1421407650,679991246,51,133,133,1977,18625001,0
117,1421407650,685991169,52,133,132,1163,20207001,0
118,1421407650,685991169,50,133,133,1832,20257001,0
118,1421407650,685991169,55,133,132,1974,20265001,0
118,1421407650,685991169,54,133,133,1832,19976001,0
118,1421407650,685991169,56,133,131,1160,20134001,0
118,1421407650,685991169,53,133,132,1691,20293001,0
119,1421407650,686991156,1,133,138,1689,20268001,0
119,1421407650,693991066,3,133,132,1563,20254001,0
119,1421407650,693991066,4,133,131,867,20127001,0
119,1421407650,693991066,6,133,131,1687,20589001,1
119,1421407650,693991066,2,133,132,1677,20230001,0
120,1421407650,693991066,7,133,132,1563,20646001,6
120,1421407650,694991053,5,133,134,1614,13777001,0
120,1421407650,694991053,57,133,132,1691,14557001,0
120,1421407650,699990988,51,133,132,1974,18658001,0
120,1421407650,705990911,55,133,132,1974,20125001,0
121,1421407650,705990911,52,133,132,1159,20222001,0
121,1421407650,705990911,54,133,132,1819,20329001,0
121,1421407650,705990911,56,133,132,1160,20274001,1
121,1421407650,706990898,50,133,133,1832,20333001,0
121,1421407650,706990898,53,133,132,1691,14053001,0
122,1421407650,706990898,6,133,132,1687,20359001,0
122,1421407650,713990808,4,133,132,867,20095001,0
122,1421407650,713990808,3,133,132,1567,20152001,0
122,1421407650,713990808,1,133,137,1689,20263001,0
122,1421407650,713990808,7,133,132,1563,20258001,0
123,1421407650,713990808,2,133,132,1677,20615001,2
123,1421407650,713990808,5,133,140,1689,20401001,1
123,1421407650,713990808,57,133,132,1691,14546001,0
123,1421407650,719990731,51,133,132,1974,18964001,0
123,1421407650,725990654,55,133,132,1971,20178001,0
124,1421407650,725990654,54,133,132,1819,20031001,0
124,1421407650,726990641,52,133,132,1159,20045001,0
124,1421407650,726990641,56,133,132,1160,20211001,0
124,1421407650,726990641,50,133,133,1832,20055001,0
124,1421407650,726990641,53,133,123,1592,20356001,4
125,1421407650,726990641,1,133,136,1689,20155001,0
125,1421407650,733990551,3,133,132,1567,20267001,0
125,1421407650,734990538,6,133,132,1677,20194001,0
125,1421407650,734990538,7,133,132,1567,20743001,6
125,1421407650,734990538,2,133,132,1677,20554001,0
126,1421407650,734990538,5,133,139,1689,13899001,0
126,1421407650,734990538,4,133,132,867,20791001,0
126,1421407650,734990538,57,133,132,1691,14540001,0
126,1421407650,740990460,51,133,132,1974,18704001,0
126,1421407650,746990383,52,133,132,1159,20143001,0
127,1421407650,746990383,54,133,132,1819,20345001,2
127,1421407650,746990383,55,133,132,1971,20076001,0
127,1421407650,746990383,56,133,132,1163,20147001,0
127,1421407650,746990383,50,133,132,1819,20276001,0
127,1421407650,746990383,53,133,124,1592,20353001,2
128,1421407650,746990383,6,133,132,1677,20079001,0
128,1421407650,754990280,1,133,135,1689,19954001,0
128,1421407650,754990280,3,133,132,1567,19770001,0
128,1421407650,754990280,7,133,132,1567,20126001,0
128,1421407650,754990280,2,133,132,1677,20251001,0
129,1421407650,754990280,5,133,138,1689,20956001,1
129,1421407650,754990280,4,133,133,877,20612001,0
129,1421407650,755990267,57,133,132,1691,14860001,0
129,1421407650,760990203,51,133,132,1971,19026001,0
129,1421407650,766990126,55,133,132,1971,20078001,0
130,1421407650,766990126,52,133,132,1159,20167001,0
130,1421407650,766990126,50,133,132,1819,20112001,0
130,1421407650,766990126,56,133,132,1163,20158001,0
130,1421407650,767990113,53,133,125,1592,20477001,1
130,1421407650,767990113,54,133,132,1818,20542001,0
131,1421407650,767990113,3,133,131,1548,20013001,0
131,1421407650,774990023,1,133,134,1689,20058001,0
131,1421407650,775990010,6,133,132,1677,19678001,0
131,1421407650,775990010,7,133,132,1567,20386001,0
131,1421407650,775990010,5,133,137,1689,21076001,5
132,1421407650,775990010,4,133,133,877,14531001,0
132,1421407650,775990010,2,133,132,1674,14596001,0
132,1421407650,775990010,57,133,132,1691,14819001,0
132,1421407650,781989933,51,133,132,1971,19014001,0
132,1421407650,786989868,55,133,132,1971,19939001,0
133,1421407650,787989855,52,133,131,1140,20267001,0
133,1421407650,787989855,50,133,132,1819,20182001,0
133,1421407650,787989855,53,133,126,1592,20197001,0
133,1421407650,787989855,56,133,132,1163,20297001,0
133,1421407650,787989855,54,133,132,1818,20321001,1
134,1421407650,787989855,1,133,134,1689,19624001,0
134,1421407650,795989752,3,133,132,1548,20468001,0
134,1421407650,795989752,6,133,132,1677,19811001,0
134,1421407650,795989752,7,133,131,1548,19883001,0
134,1421407650,795989752,5,133,136,1689,20560001,1
135,1421407650,795989752,2,133,132,1674,20276001,2
135,1421407650,796989740,4,133,133,877,20412001,1
135,1421407650,796989740,57,133,132,1691,14746001,0
135,1421407650,801989675,51,133,132,1971,19236001,0
135,1421407650,807989598,50,133,132,1818,19979001,0
136,1421407650,807989598,55,133,131,1955,20126001,0
136,1421407650,807989598,52,133,132,1140,20109001,0
136,1421407650,807989598,53,133,127,1592,20255001,0
136,1421407650,807989598,56,133,132,1159,20182001,0
136,1421407650,807989598,54,133,132,1818,13039001,0
137,1421407650,807989598,1,133,134,1689,20300001,0
137,1421407650,815989495,6,133,132,1674,20597001,1
137,1421407650,815989495,3,133,132,1548,20314001,0
137,1421407650,816989482,7,133,132,1548,20238001,0
137,1421407650,816989482,5,133,135,1689,20203001,0
138,1421407650,816989482,2,133,132,1674,20150001,0
138,1421407650,816989482,4,133,133,877,14326001,0
138,1421407650,816989482,57,133,132,1691,14735001,0
138,1421407650,821989418,51,133,132,1971,19353001,0
138,1421407650,827989340,55,133,132,1955,20040001,0
139,1421407650,827989340,52,133,132,1140,20119001,0
139,1421407650,827989340,50,133,132,1818,20264001,0
139,1421407650,827989340,56,133,132,1159,20205001,0
139,1421407650,827989340,53,133,128,1592,20103001,0
139,1421407650,828989328,54,133,132,1818,20291001,2
140,1421407650,828989328,3,133,132,1554,20212001,0
140,1421407650,836989225,6,133,132,1674,20505001,1
140,1421407650,836989225,1,133,134,1689,19977001,0
140,1421407650,836989225,2,133,132,1672,20667001,6
140,1421407650,836989225,5,133,134,1689,20443001,0
141,1421407650,836989225,4,133,134,888,14426001,0
141,1421407650,836989225,7,133,132,1548,20753001,2
141,1421407650,837989212,57,133,132,1691,14711001,0
141,1421407650,842989147,51,133,131,1955,19398001,0
141,1421407650,848989070,50,133,132,1818,20120001,0
142,1421407650,848989070,52,133,131,1127,20199001,0
142,1421407650,848989070,55,133,132,1955,20336001,1
142,1421407650,848989070,56,133,132,1159,20254001,3
142,1421407650,848989070,53,133,129,1592,20146001,0
142,1421407650,848989070,54,133,134,1844,20244001,2
143,1421407650,848989070,6,133,132,1674,20387001,1
143,1421407650,856988967,3,133,132,1554,20227001,0
143,1421407650,856988967,1,133,134,1689,19848001,0
143,1421407650,856988967,4,133,134,888,20226001,1
143,1421407650,856988967,5,133,134,1689,20205001,0
144,1421407650,857988954,2,133,132,1672,20077001,0
144,1421407650,857988954,7,133,132,1554,14387001,0
144,1421407650,857988954,57,133,123,1592,14858001,0
144,1421407650,862988890,51,133,132,1955,19582001,0
144,1421407650,868988813,55,133,132,1962,20039001,0
145,1421407650,868988813,52,133,132,1127,20301001,1
145,1421407650,868988813,50,133,132,1818,20268001,0
145,1421407650,868988813,53,133,130,1592,20263001,1
145,1421407650,869988800,54,133,134,1844,20447001,2
145,1421407650,869988800,56,133,132,1159,20249001,0
146,1421407650,869988800,6,133,132,1672,20358001,0
146,1421407650,877988697,1,133,134,1689,20325001,0
146,1421407650,877988697,3,133,132,1554,20400001,0
146,1421407650,877988697,5,133,134,1689,20731001,4
146,1421407650,877988697,4,133,134,888,20530001,3
147,1421407650,877988697,2,133,132,1672,20635001,3
147,1421407650,877988697,7,133,132,1554,20499001,2
147,1421407650,877988697,57,133,124,1592,14904001,0
147,1421407650,883988619,51,133,132,1955,19908001,0
147,1421407650,888988555,52,133,132,1127,20000001,0
148,1421407650,889988542,50,133,134,1844,20171001,0
148,1421407650,889988542,53,133,131,1592,20325001,1
148,1421407650,889988542,56,133,131,1140,20160001,0
148,1421407650,889988542,55,133,132,1962,20281001,0
148,1421407650,889988542,54,133,134,1844,20169001,0
149,1421407650,889988542,1,133,134,1689,20403001,0
149,1421407650,897988439,6,133,132,1672,20153001,0
149,1421407650,897988439,3,133,132,1554,20268001,0
149,1421407650,897988439,7,133,132,1554,20517001,5
149,1421407650,898988426,2,133,132,1669,20366001,0
150,1421407650,898988426,5,133,134,1689,20527001,0
150,1421407650,898988426,4,133,134,888,20586001,2
150,1421407650,898988426,57,133,125,1592,14775001,0
150,1421407650,903988362,51,133,132,1962,20460001,1
150,1421407650,909988285,52,133,131,1107,20071001,0
151,1421407650,909988285,50,133,134,1844,20065001,0
151,1421407650,909988285,53,133,132,1592,20301001,2
151,1421407650,909988285,55,133,132,1962,20509001,1
151,1421407650,909988285,54,133,135,1873,20224001,0
151,1421407650,909988285,56,133,132,1140,20298001,3
152,1421407650,910988272,6,133,132,1672,20252001,0
152,1421407650,918988169,3,133,133,1571,20156001,0
152,1421407650,918988169,1,133,145,1825,20305001,0
152,1421407650,918988169,4,133,134,888,20378001,1
152,1421407650,918988169,2,133,132,1669,20440001,0
153,1421407650,918988169,5,133,134,1689,21063001,1
153,1421407650,918988169,7,133,132,1554,20455001,0
153,1421407650,918988169,57,133,126,1592,14697001,0
153,1421407650,923988104,51,133,132,1962,19918001,0
153,1421407650,929988027,52,133,132,1107,19953001,0
154,1421407650,929988027,50,133,134,1844,20107001,0
154,1421407650,929988027,53,133,132,1592,20128001,0
154,1421407650,929988027,55,133,132,1954,20171001,0
154,1421407650,930988014,54,133,134,1873,20084001,0
154,1421407650,930988014,56,133,132,1140,20114001,0
155,1421407650,932987989,6,133,132,1669,20199001,0
155,1421407650,938987911,3,133,133,1571,20356001,0
155,1421407650,938987911,1,133,143,1825,20057001,0
155,1421407650,938987911,4,133,134,888,20410001,0
155,1421407650,938987911,2,133,132,1669,20572001,1
156,1421407650,939987898,5,133,134,1689,20973001,1
156,1421407650,939987898,7,133,133,1571,20355001,0
156,1421407650,939987898,57,133,127,1592,14736001,0
156,1421407650,944987834,52,133,132,1107,20445001,1
156,1421407650,949987770,53,133,132,1592,20467001,4
157,1421407650,950987757,54,133,134,1873,20565001,3
157,1421407650,950987757,55,133,132,1954,20638001,4
157,1421407650,950987757,50,133,135,1873,20505001,1
157,1421407650,950987757,51,133,132,1962,20617001,1
157,1421407650,950987757,56,133,131,1127,14760001,0
158,1421407650,953987718,3,133,133,1571,20115001,0
158,1421407650,958987654,1,133,142,1825,20120001,0
158,1421407650,958987654,6,133,132,1669,20188001,0
158,1421407650,959987641,4,133,133,884,20742001,3
158,1421407650,959987641,2,133,132,1669,20300001,0
159,1421407650,959987641,7,133,133,1571,20364001,0
159,1421407650,959987641,5,133,134,1689,20440001,0
159,1421407650,959987641,57,133,128,1592,14515001,0
159,1421407650,964987577,54,133,137,1920,20150002,0
159,1421407650,970987499,53,133,132,1592,20295001,0
160,1421407650,970987499,52,133,132,1107,20059001,0
160,1421407650,970987499,55,133,132,1954,20187001,0
160,1421407650,970987499,50,133,134,1873,20366001,0
160,1421407650,970987499,51,133,132,1954,20325001,0
160,1421407650,970987499,56,133,132,1127,14570001,0
161,1421407650,973987461,1,133,141,1825,20033001,0
161,1421407650,979987383,3,133,131,1543,20365001,0
161,1421407650,979987383,6,133,132,1669,20130001,0
161,1421407650,979987383,4,133,133,884,20237001,0
161,1421407650,979987383,5,133,145,1825,14578001,0
162,1421407650,979987383,2,133,131,1650,20548001,0
162,1421407650,979987383,7,133,133,1571,14592001,0
162,1421407650,979987383,57,133,129,1592,14660001,0
162,1421407650,985987306,55,133,132,1954,19944002,0
162,1421407650,990987242,54,133,136,1920,19935002,0
163,1421407650,990987242,52,133,130,1078,20112002,0
163,1421407650,990987242,51,133,132,1954,20216001,0
163,1421407650,990987242,50,133,134,1873,19947001,0
163,1421407650,990987242,53,133,132,1592,20457002,0
163,1421407650,990987242,56,133,132,1127,14479002,0
164,1421407650,993987203,1,133,140,1825,19900001,0
164,1421407651,0,3,133,132,1543,20422001,0
164,1421407651,0,6,133,132,1669,20264001,0
164,1421407651,0,7,133,131,1543,14344001,0
164,1421407651,0,2,133,132,1650,20655001,1
165,1421407651,0,4,133,133,884,20629001,0
165,1421407651,999988,5,133,143,1825,21028001,6
165,1421407651,999988,57,133,130,1592,14611002,0
165,1421407651,5999923,54,133,135,1920,20155002,0
165,1421407651,10999859,55,133,132,1951,20456001,3
166,1421407651,10999859,52,133,131,1078,20444002,4
166,1421407651,10999859,51,133,132,1954,20205002,0
166,1421407651,10999859,50,133,137,1920,20532002,5
166,1421407651,11999846,53,133,132,1592,20425001,0
166,1421407651,11999846,56,133,131,1107,14403001,0
167,1421407651,13999820,3,133,132,1543,20045001,0
167,1421407651,19999743,1,133,139,1825,20136001,0
167,1421407651,19999743,7,133,132,1543,20635001,7
167,1421407651,19999743,2,133,132,1650,20469001,0
167,1421407651,20999730,4,133,133,884,14593001,0
168,1421407651,20999730,5,133,142,1825,20977001,1
168,1421407651,20999730,6,133,131,1650,20487001,0
168,1421407651,20999730,57,133,131,1592,14656002,0
168,1421407651,25999666,54,133,134,1920,20225002,0
168,1421407651,30999601,55,133,132,1951,20130001,0
169,1421407651,30999601,52,133,132,1078,19935002,0
169,1421407651,31999589,51,133,132,1954,20289002,1
169,1421407651,31999589,50,133,136,1920,20319002,0
169,1421407651,31999589,53,133,132,1592,17458002,0
169,1421407651,31999589,56,133,132,1107,14290002,0
170,1421407651,34999550,3,133,130,1521,20027002,0
170,1421407651,40999473,1,133,138,1825,20124001,0
170,1421407651,40999473,7,133,132,1543,20298002,0
170,1421407651,40999473,4,133,134,899,20619001,7
170,1421407651,40999473,5,133,141,1825,20619001,1
171,1421407651,40999473,2,133,130,1624,20597001,0
171,1421407651,40999473,6,133,132,1650,20349001,0
171,1421407651,40999473,57,133,132,1592,14994002,0
171,1421407651,45999408,55,133,132,1951,20291002,2
171,1421407651,51999331,54,133,136,1952,20180002,0
172,1421407651,51999331,52,133,132,1078,20037002,0
172,1421407651,51999331,51,133,132,1951,20343002,4
172,1421407651,51999331,50,133,135,1920,20154002,0
172,1421407651,51999331,53,133,132,1592,17733002,0
172,1421407651,51999331,56,133,132,1107,20388002,1
173,1421407651,54999292,3,133,131,1521,20030002,0
173,1421407651,60999215,1,133,137,1825,20544002,1
173,1421407651,60999215,7,133,130,1521,20256001,0
173,1421407651,60999215,2,133,131,1624,20549002,2
173,1421407651,60999215,5,133,140,1825,20822001,1
174,1421407651,61999202,4,133,134,899,14803001,0
174,1421407651,61999202,6,133,132,1650,20735002,1
174,1421407651,61999202,57,133,132,1592,15037002,0
174,1421407651,66999138,54,133,135,1952,20130002,0
174,1421407651,71999074,55,133,132,1959,20403002,1
175,1421407651,71999074,52,133,132,1078,20040002,0
175,1421407651,71999074,51,133,132,1951,20141002,0
175,1421407651,71999074,50,133,134,1920,20033002,0
175,1421407651,71999074,53,133,132,1592,17633002,0
175,1421407651,71999074,56,133,132,1107,14127002,0
176,1421407651,74999035,3,133,132,1521,20305001,0
176,1421407651,81998945,1,133,136,1825,20102002,0
176,1421407651,81998945,5,133,139,1825,20317002,0
176,1421407651,81998945,4,133,134,899,20673002,7
176,1421407651,81998945,2,133,132,1624,20384002,0
177,1421407651,81998945,7,133,131,1521,20514001,0
177,1421407651,81998945,6,133,130,1624,20359002,0
177,1421407651,81998945,57,133,132,1592,15145002,0
177,1421407651,86998880,54,133,134,1952,19989002,0
177,1421407651,91998816,52,133,132,1078,20126002,0
178,1421407651,91998816,55,133,132,1959,20073002,0
178,1421407651,91998816,50,133,136,1952,20283002,5
178,1421407651,91998816,51,133,132,1951,20233002,0
178,1421407651,92998803,53,133,132,1592,20270002,1
178,1421407651,92998803,56,133,130,1078,14065002,0
179,1421407651,95998765,1,133,135,1825,20132002,0
179,1421407651,101998687,3,133,132,1521,20035002,0
179,1421407651,101998687,5,133,138,1825,20133002,0
179,1421407651,101998687,2,133,131,1609,20389002,0
179,1421407651,101998687,7,133,132,1521,20555002,0
180,1421407651,101998687,4,133,134,904,20436002,0
180,1421407651,101998687,6,133,131,1624,20455002,0
180,1421407651,101998687,57,133,132,1592,15403002,0
180,1421407651,106998623,52,133,131,1064,20271002,0
180,1421407651,111998559,54,133,134,1970,20012002,0
181,1421407651,112998546,55,133,132,1959,20329002,0
181,1421407651,112998546,50,133,135,1952,20231002,0
181,1421407651,112998546,51,133,132,1959,20350002,1
181,1421407651,112998546,53,133,132,1592,20148002,0
181,1421407651,112998546,56,133,131,1078,13936002,0
182,1421407651,115998507,1,133,134,1825,20181002,0
182,1421407651,121998430,3,133,132,1518,20373002,0
182,1421407651,121998430,7,133,132,1521,20314002,0
182,1421407651,122998417,4,133,134,904,20484002,6
182,1421407651,122998417,2,133,132,1609,20380002,0
183,1421407651,122998417,5,133,137,1825,20430002,0
183,1421407651,122998417,6,133,132,1624,20754002,6
183,1421407651,122998417,57,133,132,1592,15122002,0
183,1421407651,127998353,52,133,132,1064,20248002,0
183,1421407651,132998288,55,133,130,1932,20317002,1
184,1421407651,132998288,50,133,134,1952,20137002,0
184,1421407651,132998288,54,133,134,1970,20276002,0
184,1421407651,132998288,51,133,132,1959,20399002,2
184,1421407651,132998288,53,133,125,1520,17281002,0
184,1421407651,132998288,56,133,132,1078,13780002,0
185,1421407651,135998250,1,133,134,1825,20389002,0
185,1421407651,142998159,7,133,132,1518,20286002,0
185,1421407651,142998159,4,133,134,904,20421002,0
185,1421407651,142998159,5,133,136,1825,20403002,0
185,1421407651,142998159,3,133,132,1518,20398002,0
186,1421407651,142998159,2,133,132,1609,20678002,5
186,1421407651,142998159,6,133,131,1609,20424002,0
186,1421407651,143998147,57,133,132,1592,15233002,0
186,1421407651,147998095,50,133,134,1970,20211002,0
186,1421407651,152998031,55,133,131,1932,20127002,0
187,1421407651,152998031,53,133,126,1520,20369002,3
187,1421407651,152998031,51,133,132,1959,20343002,2
187,1421407651,152998031,52,133,132,1064,20495002,0
187,1421407651,152998031,54,133,134,1970,20204002,0
187,1421407651,153998018,56,133,132,1078,20556002,1
188,1421407651,156997979,1,133,134,1825,20076002,0
188,1421407651,162997902,7,133,132,1518,20168002,0
188,1421407651,162997902,2,133,132,1609,20709002,1
188,1421407651,163997889,4,133,133,896,20387002,0
188,1421407651,163997889,3,133,132,1518,20705002,4
189,1421407651,163997889,5,133,135,1825,21073002,1
189,1421407651,163997889,6,133,132,1609,14981002,0
189,1421407651,163997889,57,133,132,1592,15399002,0
189,1421407651,168997825,50,133,134,1970,20119002,0
189,1421407651,172997773,55,133,132,1932,19999002,0
190,1421407651,173997760,52,133,132,1064,20322002,0
190,1421407651,173997760,51,133,130,1932,20247002,0
190,1421407651,173997760,53,133,127,1520,20384002,1
190,1421407651,173997760,54,133,134,1983,20392002,0
190,1421407651,173997760,56,133,132,1078,20262002,0
191,1421407651,176997722,1,133,123,1713,20179002,0
191,1421407651,183997632,7,133,132,1518,20139002,0
191,1421407651,183997632,4,133,133,896,20842002,5
191,1421407651,183997632,3,133,131,1504,20364002,0
191,1421407651,183997632,5,133,134,1825,20960002,1
192,1421407651,183997632,2,133,131,1590,20473002,0
192,1421407651,183997632,6,133,132,1609,15092002,0
192,1421407651,183997632,57,133,132,1592,16053002,0
192,1421407651,189997554,50,133,134,1970,20317002,0
192,1421407651,193997503,55,133,132,1932,19893002,0
193,1421407651,194997490,52,133,131,1052,20058002,0
193,1421407651,194997490,53,133,128,1520,20297002,0
193,1421407651,194997490,51,133,131,1932,20229002,0
193,1421407651,194997490,54,133,134,1983,20344002,3
193,1421407651,194997490,56,133,132,1078,13637002,0
194,1421407651,197997451,1,133,124,1713,20129002,0
194,1421407651,204997361,3,133,132,1504,20510002,4
194,1421407651,204997361,2,133,132,1590,20247002,0
194,1421407651,204997361,6,133,132,1609,20695002,5
194,1421407651,204997361,5,133,134,1825,20484002,0
195,1421407651,204997361,4,133,133,896,20475002,0
195,1421407651,204997361,7,133,131,1504,20594002,0
195,1421407651,204997361,57,133,132,1592,16222002,0
195,1421407651,210997284,52,133,132,1052,20393002,2
195,1421407651,214997232,50,133,134,1983,20230002,0
196,1421407651,214997232,55,133,129,1900,20156002,0
196,1421407651,214997232,54,133,134,1983,20336002,0
196,1421407651,214997232,51,133,132,1932,20576002,4
196,1421407651,214997232,53,133,129,1520,20477002,4
196,1421407651,214997232,56,133,131,1064,13427002,0
197,1421407651,217997194,3,133,132,1504,20236002,0
197,1421407651,224997104,1,133,125,1713,20157002,0
197,1421407651,224997104,4,133,133,896,20489002,1
197,1421407651,225997091,5,133,134,1825,20306002,0
197,1421407651,225997091,2,133,132,1590,20395002,0
198,1421407651,225997091,6,133,131,1590,20821002,2
198,1421407651,225997091,7,133,132,1504,20413002,0
198,1421407651,225997091,57,133,132,1592,15964000,0
198,1421407651,230997026,55,133,130,1900,19816000,0
198,1421407651,234996975,50,133,134,1983,20100000,0
199,1421407651,234996975,52,133,132,1052,20457000,0
199,1421407651,234996975,51,133,132,1932,20189000,0
199,1421407651,234996975,54,133,134,1983,20279000,0
199,1421407651,234996975,53,133,130,1520,20225000,0
199,1421407651,235996962,56,133,132,1064,13349000,0
200,1421407651,238996923,3,133,132,1509,20205002,0
200,1421407651,245996833,1,133,126,1713,20098002,0
200,1421407651,246996820,6,133,132,1590,20298002,0
200,1421407651,246996820,5,133,123,1713,20702002,1
200,1421407651,246996820,2,133,131,1577,20268002,0
201,1421407651,247996808,4,133,132,891,20302002,0
201,1421407651,247996808,7,133,132,1504,20349002,0
201,1421407651,247996808,57,133,132,1592,16020000,0
201,1421407651,250996769,50,133,134,1983,19984000,0
201,1421407651,255996705,52,133,132,1042,19903000,0
202,1421407651,255996705,55,133,131,1900,20491000,3
202,1421407651,255996705,54,133,132,1955,20273000,0
202,1421407651,255996705,53,133,131,1520,20163000,0
202,1421407651,256996692,51,133,129,1900,20474000,2
202,1421407651,256996692,56,133,132,1064,13316000,0
203,1421407651,258996666,1,133,127,1713,20155002,0
203,1421407651,265996576,5,133,124,1713,20629002,1
203,1421407651,266996563,6,133,132,1590,20185002,0
203,1421407651,266996563,4,133,132,891,20445002,6
203,1421407651,266996563,2,133,132,1577,20320002,0
204,1421407651,267996550,7,133,132,1509,20258002,0
204,1421407651,267996550,3,133,132,1509,14847002,0
204,1421407651,267996550,57,133,125,1520,15978000,0
204,1421407651,271996499,50,133,134,1983,20145000,0
204,1421407651,275996447,55,133,129,1871,19940000,0
205,1421407651,275996447,52,133,132,1042,20307000,0
205,1421407651,276996434,54,133,132,1955,20309000,0
205,1421407651,276996434,53,133,132,1520,20117000,0
205,1421407651,276996434,51,133,130,1900,20358000,0
205,1421407651,277996421,56,133,132,1064,13329000,0
206,1421407651,279996396,6,133,131,1577,20128000,0
206,1421407651,286996306,1,133,128,1713,20362000,0
206,1421407651,286996306,5,133,125,1713,19974000,0
206,1421407651,286996306,2,133,132,1577,20512000,6
206,1421407651,287996293,7,133,132,1509,20307000,0
207,1421407651,287996293,3,133,132,1509,14902000,0
207,1421407651,287996293,4,133,132,891,20588000,0
207,1421407651,287996293,57,133,126,1520,16266000,0
207,1421407651,291996241,50,133,132,1955,20312000,0
207,1421407651,295996190,52,133,132,1042,19932000,0
208,1421407651,295996190,54,133,132,1955,20173000,0
208,1421407651,296996177,53,133,132,1520,20210000,0
208,1421407651,296996177,55,133,130,1871,20061000,0
208,1421407651,296996177,51,133,131,1900,20358000,2
208,1421407651,297996164,56,133,131,1052,13117000,0
209,1421407651,299996138,1,133,129,1713,19960000,0
209,1421407651,306996048,6,133,132,1577,19979000,0
209,1421407651,306996048,4,133,134,913,20297000,0
209,1421407651,307996035,3,133,132,1509,20498000,7
209,1421407651,307996035,7,133,132,1509,20253000,0
210,1421407651,307996035,2,133,132,1576,20488000,0
210,1421407651,308996022,5,133,126,1713,20524000,0
210,1421407651,308996022,57,133,127,1520,16136000,0
210,1421407651,311995984,50,133,132,1955,20011000,0
210,1421407651,316995919,52,133,131,1027,20433000,3
211,1421407651,316995919,53,133,132,1520,20316000,3
211,1421407651,316995919,55,133,131,1871,20199000,0
211,1421407651,316995919,51,133,129,1871,20172000,0
211,1421407651,317995906,54,133,132,1959,20354000,0
211,1421407651,317995906,56,133,132,1052,20464000,1
212,1421407651,319995881,1,133,120,1615,20349000,0
212,1421407651,327995778,6,133,132,1577,20053000,0
212,1421407651,327995778,3,133,133,1519,20318000,0
212,1421407651,327995778,2,133,132,1576,20728000,2
212,1421407651,328995765,7,133,132,1509,20281000,0
213,1421407651,328995765,4,133,134,913,20485000,0
213,1421407651,328995765,5,133,127,1713,15092000,0
213,1421407651,328995765,57,133,128,1520,16467000,0
213,1421407651,332995713,52,133,132,1027,20112000,0
213,1421407651,336995662,50,133,132,1955,20091000,0
214,1421407651,336995662,51,133,130,1871,20209000,0
214,1421407651,336995662,55,133,128,1839,20429000,4
214,1421407651,337995649,53,133,132,1520,20230000,0
214,1421407651,337995649,54,133,132,1959,20249000,1
214,1421407651,337995649,56,133,132,1052,13115000,0
215,1421407651,340995610,1,133,121,1615,20189000,0
215,1421407651,347995520,6,133,132,1576,20006000,0
215,1421407651,347995520,3,133,133,1519,20518000,1
215,1421407651,348995507,4,133,134,913,20912000,1
215,1421407651,348995507,7,133,133,1519,15115000,0
216,1421407651,348995507,2,133,132,1576,20412000,0
216,1421407651,349995494,5,133,128,1713,20566000,6
216,1421407651,349995494,57,133,129,1520,16300000,0
216,1421407651,352995456,52,133,132,1027,20105000,0
216,1421407651,356995404,50,133,132,1959,20124000,0
217,1421407651,356995404,51,133,131,1871,20226000,0
217,1421407651,357995391,55,133,129,1839,20727000,1
217,1421407651,357995391,53,133,132,1520,20493000,0
217,1421407651,357995391,54,133,132,1959,16906000,0
217,1421407651,357995391,56,133,132,1042,13179000,0
218,1421407651,360995353,1,133,122,1615,20025000,0
218,1421407651,367995263,6,133,132,1576,20057000,0
218,1421407651,368995250,3,133,133,1519,20357000,0
218,1421407651,368995250,2,133,132,1576,20425000,5
218,1421407651,368995250,5,133,129,1713,20337000,0
219,1421407651,369995237,4,133,134,928,20977000,1
219,1421407651,369995237,7,133,133,1519,20593000,6
219,1421407651,369995237,57,133,130,1520,15772000,0
219,1421407651,372995198,50,133,132,1959,20186000,0
219,1421407651,376995147,52,133,132,1027,19927000,0
220,1421407651,377995134,53,133,132,1520,20138000,0
220,1421407651,377995134,51,133,128,1839,19458000,0
220,1421407651,377995134,55,133,130,1839,16693000,0
220,1421407651,377995134,54,133,134,1981,20774000,4
220,1421407651,378995121,56,133,132,1042,13163000,0
221,1421407651,380995095,1,133,123,1615,20029000,0
221,1421407651,388994992,6,133,132,1576,20033000,0
221,1421407651,388994992,3,133,132,1509,20479000,4
221,1421407651,388994992,2,133,132,1567,20206000,0
221,1421407651,389994979,5,133,120,1615,20121000,0
222,1421407651,389994979,4,133,134,928,20730000,1
222,1421407651,390994967,7,133,133,1519,20290000,0
222,1421407651,390994967,57,133,131,1520,16553000,0
222,1421407651,393994928,50,133,132,1959,20186000,0
222,1421407651,397994876,52,133,130,1006,20169000,0
223,1421407651,398994864,51,133,129,1839,20393000,0
223,1421407651,398994864,53,133,132,1520,20282000,0
223,1421407651,398994864,55,133,131,1839,20341000,1
223,1421407651,398994864,54,133,134,1981,16758000,0
223,1421407651,399994851,56,133,132,1042,13096000,0
224,1421407651,401994825,1,133,124,1615,20356000,0
224,1421407651,409994722,2,133,132,1567,20273000,0
224,1421407651,409994722,5,133,121,1615,20681000,1
224,1421407651,409994722,3,133,132,1509,20333000,0
224,1421407651,410994709,4,133,134,928,20625000,1
225,1421407651,410994709,7,133,132,1509,20766000,2
225,1421407651,410994709,6,133,132,1576,15280000,0
225,1421407651,411994696,57,133,132,1520,16654000,0
225,1421407651,414994658,50,133,134,1981,20311000,0
225,1421407651,417994619,51,133,130,1839,20156000,0
226,1421407651,418994606,53,133,132,1520,20359000,1
226,1421407651,418994606,52,133,131,1006,20204000,0
226,1421407651,418994606,55,133,131,1833,20171000,0
226,1421407651,419994593,54,133,134,1981,20339000,1
226,1421407651,419994593,56,133,131,1027,13025000,0
227,1421407651,421994567,5,133,122,1615,20098000,0
227,1421407651,429994464,1,133,125,1615,20103000,0
227,1421407651,430994452,3,133,132,1509,20141000,0
227,1421407651,430994452,2,133,132,1567,20419000,0
227,1421407651,430994452,4,133,134,928,20272000,0
228,1421407651,431994439,7,133,132,1509,20267000,0
228,1421407651,431994439,6,133,132,1567,21006000,3
228,1421407651,431994439,57,133,132,1520,16696000,0
228,1421407651,434994400,51,133,131,1839,20389000,1
228,1421407651,438994349,53,133,132,1520,20033000,0
229,1421407651,438994349,52,133,132,1006,20040000,0
229,1421407651,438994349,50,133,134,1981,20287000,0
229,1421407651,439994336,54,133,134,1981,20251000,0
229,1421407651,439994336,55,133,132,1833,20508000,3
229,1421407651,439994336,56,133,132,1027,12859000,0
230,1421407651,442994297,5,133,123,1615,20070000,0
230,1421407651,449994207,1,133,126,1615,20181000,0
230,1421407651,450994194,3,133,133,1523,20012000,0
230,1421407651,450994194,2,133,132,1558,20550000,1
230,1421407651,450994194,4,133,133,926,20386000,0
231,1421407651,451994181,7,133,132,1509,20327000,0
231,1421407651,451994181,6,133,132,1567,20546000,0
231,1421407651,451994181,57,133,132,1520,16350000,0
231,1421407651,454994143,51,133,131,1833,20051000,0
231,1421407651,458994091,52,133,131,988,24213000,5
232,1421407651,458994091,53,133,132,1520,20543000,3
232,1421407651,459994078,50,133,134,1981,20505000,0
232,1421407651,459994078,54,133,134,1986,20561000,5
232,1421407651,459994078,55,133,132,1833,16678000,0
232,1421407651,459994078,56,133,132,1027,12858000,0
233,1421407651,462994040,5,133,124,1615,20385000,0
233,1421407651,470993937,1,133,119,1535,20025000,0
233,1421407651,470993937,3,133,133,1523,20031000,0
233,1421407651,471993924,2,133,132,1558,20252000,0
233,1421407651,471993924,4,133,133,926,20373000,0
234,1421407651,471993924,7,133,133,1523,20451000,0
234,1421407651,472993911,6,133,132,1567,20542000,6
234,1421407651,472993911,57,133,132,1520,16374000,0
234,1421407651,475993872,51,133,132,1833,20237000,0
234,1421407651,478993834,52,133,132,988,19742000,0
235,1421407651,479993821,53,133,132,1520,20231000,0
235,1421407651,479993821,54,133,134,1986,19855000,0
235,1421407651,480993808,55,133,132,1832,16409000,0
235,1421407651,480993808,50,133,134,1981,20280000,0
235,1421407651,480993808,56,133,132,1027,12849000,0
236,1421407651,483993769,1,133,120,1535,20012000,0
236,1421407651,490993679,5,133,125,1615,20377000,0
236,1421407651,491993666,3,133,133,1523,20131000,0
236,1421407651,491993666,2,133,132,1558,20390000,0
236,1421407651,491993666,4,133,133,926,20404000,0
237,1421407651,492993653,7,133,133,1523,20418000,0
237,1421407651,492993653,6,133,132,1558,15590000,0
237,1421407651,492993653,57,133,132,1520,16416000,0
237,1421407651,495993615,51,133,132,1833,20405000,1
237,1421407651,499993563,53,133,132,1520,20300000,1
238,1421407651,499993563,52,133,132,988,20128000,0
238,1421407651,499993563,54,133,134,1986,20390000,3
238,1421407651,500993550,55,133,132,1832,20306000,2
238,1421407651,500993550,50,133,134,1986,20490000,0
238,1421407651,500993550,56,133,130,1006,12756000,0
239,1421407651,503993512,1,133,121,1535,20019000,0
239,1421407651,511993409,3,133,133,1523,20207000,0
239,1421407651,511993409,5,133,126,1615,20105000,0
239,1421407651,512993396,2,133,132,1558,20183000,0
239,1421407651,512993396,7,133,133,1523,20598000,3
240,1421407651,512993396,4,133,132,924,20327000,0
240,1421407651,513993383,6,133,132,1558,20600000,5
240,1421407651,513993383,57,133,132,1520,16714000,0
240,1421407651,515993357,53,133,132,1520,20238000,0
240,1421407651,519993306,52,133,132,980,20330000,3
241,1421407651,519993306,51,133,132,1832,20242000,0
241,1421407651,519993306,54,133,136,2019,20156000,0
241,1421407651,520993293,55,133,132,1832,20126000,0
241,1421407651,520993293,50,133,134,1986,20181000,0
241,1421407651,520993293,56,133,131,1006,12639000,0
242,1421407651,523993254,1,133,122,1535,20033000,0
242,1421407651,531993151,3,133,131,1502,20404000,0
242,1421407651,531993151,5,133,119,1535,19980000,0
242,1421407651,532993138,2,133,131,1540,20305000,0
242,1421407651,532993138,7,133,133,1523,20435000,0
243,1421407651,532993138,6,133,132,1558,20494000,0
243,1421407651,533993126,4,133,132,924,20417000,0
243,1421407651,533993126,57,133,132,1520,16690000,0
243,1421407651,536993087,51,133,132,1832,20198000,0
243,1421407651,539993048,53,133,132,1520,20224000,0
244,1421407651,539993048,54,133,135,2019,20289000,4
244,1421407651,540993035,52,133,132,980,20141000,0
244,1421407651,540993035,55,133,132,1823,20473000,4
244,1421407651,540993035,50,133,134,1986,20423000,5
244,1421407651,541993023,56,133,132,1006,12417000,0
245,1421407651,544992984,5,133,120,1535,20215000,0
245,1421407651,552992881,1,133,123,1535,20057000,0
245,1421407651,552992881,3,133,132,1502,20152000,0
245,1421407651,552992881,2,133,132,1540,20385000,0
245,1421407651,552992881,7,133,131,1502,20435000,3
246,1421407651,553992868,6,133,132,1558,20652000,3
246,1421407651,553992868,4,133,132,924,20519000,0
246,1421407651,553992868,57,133,132,1520,16745000,0
246,1421407651,556992829,51,133,132,1832,20289000,0
246,1421407651,559992791,54,133,134,2019,19955000,0
247,1421407651,560992778,53,133,132,1520,20252000,0
247,1421407651,560992778,52,133,132,980,20162000,0
247,1421407651,560992778,50,133,136,2019,20250000,0
247,1421407651,561992765,55,133,132,1823,20364000,1
247,1421407651,561992765,56,133,131,988,12493000,0
248,1421407651,564992726,3,133,132,1502,20093000,0
248,1421407651,572992623,1,133,124,1535,20160000,0
248,1421407651,572992623,7,133,132,1502,20147000,0
248,1421407651,573992611,2,133,132,1540,20316000,0
248,1421407651,573992611,5,133,121,1535,20573000,0
249,1421407651,574992598,6,133,131,1540,15865000,0
249,1421407651,574992598,4,133,133,936,15965000,0
249,1421407651,574992598,57,133,132,1520,16760000,0
249,1421407651,576992572,54,133,132,2003,19749000,0
249,1421407651,580992520,53,133,132,1520,20257001,0
250,1421407651,580992520,52,133,132,980,20015001,0
250,1421407651,580992520,51,133,132,1823,19930000,0
250,1421407651,581992508,50,133,135,2019,19855000,0
250,1421407651,581992508,55,133,132,1823,19971000,0
250,1421407651,581992508,56,133,132,988,12263000,0
251,1421407651,584992469,3,133,129,1470,20231000,0
251,1421407651,592992366,1,133,125,1535,20076000,0
251,1421407651,593992353,7,133,132,1502,19980000,0
251,1421407651,593992353,2,133,129,1509,20260000,0
251,1421407651,594992340,6,133,132,1540,20518000,7
252,1421407651,594992340,5,133,122,1535,20579000,1
252,1421407651,595992327,4,133,133,936,20505000,2
252,1421407651,595992327,57,133,132,1520,16957000,0
252,1421407651,597992302,52,133,132,971,20084001,0
252,1421407651,600992263,53,133,132,1520,20103000,0
253,1421407651,600992263,51,133,132,1823,20201000,0
253,1421407651,601992250,54,133,132,2003,20046001,0
253,1421407651,601992250,55,133,132,1823,20343000,5
253,1421407651,601992250,50,133,134,2019,20156000,0
253,1421407651,602992237,56,133,132,988,12199001,0
254,1421407651,605992199,7,133,129,1470,19919000,0
254,1421407651,613992096,1,133,126,1535,20155000,0
254,1421407651,613992096,3,133,130,1470,20359000,0
254,1421407651,614992083,2,133,130,1509,20330000,0
254,1421407651,615992070,5,133,123,1535,20369000,0
255,1421407651,615992070,4,133,133,936,20313000,0
255,1421407651,615992070,6,133,132,1540,20241000,0
255,1421407651,616992057,57,133,132,1520,17128001,0
255,1421407651,618992031,51,133,132,1823,20097001,0
255,1421407651,620992005,54,133,132,2003,20136001,0
256,1421407651,621991993,52,133,132,971,20219001,0
256,1421407651,621991993,55,133,130,1797,20152001,0
256,1421407651,621991993,50,133,132,2003,20316000,0
256,1421407651,622991980,53,133,132,1520,20190001,0
256,1421407651,622991980,56,133,132,980,12248001,0
257,1421407651,625991941,1,133,127,1535,20140000,0
257,1421407651,636991799,7,133,130,1470,20052000,0
257,1421407651,637991787,3,133,131,1470,20160000,0
257,1421407651,637991787,5,133,124,1535,20290000,0
257,1421407651,637991787,2,133,131,1509,20442001,0
258,1421407651,638991774,4,133,133,936,20572001,6
258,1421407651,638991774,6,133,129,1509,16093001,0
258,1421407651,639991761,57,133,132,1520,17216001,0
258,1421407651,639991761,54,133,132,2003,20047001,0
258,1421407651,641991735,51,133,132,1823,20220001,0
259,1421407651,641991735,55,133,131,1797,20142001,0
259,1421407651,641991735,52,133,132,971,20120001,0
259,1421407651,642991722,53,133,132,1520,15891001,0
259,1421407651,642991722,50,133,132,2003,20361001,4
259,1421407651,643991709,56,133,132,980,12131001,0
260,1421407651,645991684,1,133,128,1535,20342000,0
260,1421407651,654991568,3,133,132,1489,20123001,0
260,1421407651,654991568,7,133,131,1470,20207001,0
260,1421407651,655991555,4,133,134,948,20391001,0
260,1421407651,655991555,6,133,130,1509,16225001,0
261,1421407651,655991555,5,133,125,1535,16302000,0
261,1421407651,656991542,2,133,129,1487,20434001,4
261,1421407651,656991542,57,133,132,1520,17237001,0
261,1421407651,658991516,51,133,130,1797,20219001,0
261,1421407651,661991478,55,133,132,1797,20362001,0
262,1421407651,661991478,53,133,132,1520,20578001,6
262,1421407651,662991465,50,133,132,2003,20599001,1
262,1421407651,662991465,52,133,132,963,15991001,0
262,1421407651,663991452,54,133,133,2015,20527001,0
262,1421407651,663991452,56,133,132,980,12154001,0
263,1421407651,666991413,3,133,132,1489,20380001,0
263,1421407651,674991310,7,133,132,1489,20013001,0
263,1421407651,674991310,1,133,129,1535,20379001,0
263,1421407651,675991297,4,133,134,948,20320001,0
263,1421407651,675991297,5,133,126,1535,20409000,1
264,1421407651,675991297,2,133,130,1487,20646001,0
264,1421407651,676991284,6,133,131,1509,20478001,1
264,1421407651,676991284,57,133,132,1520,16667001,0
264,1421407651,678991259,51,133,131,1797,19919001,0
264,1421407651,681991220,55,133,130,1767,19765001,0
265,1421407651,682991207,53,133,132,1520,20079001,0
265,1421407651,682991207,54,133,133,2015,20081001,0
265,1421407651,682991207,52,133,132,963,20617001,2
265,1421407651,682991207,50,133,132,2003,19781001,0
265,1421407651,683991194,56,133,132,980,11900001,0
266,1421407651,686991156,3,133,132,1489,20405001,0
266,1421407651,694991053,7,133,132,1489,20037001,0
266,1421407651,694991053,4,133,134,948,20521001,1
266,1421407651,694991053,5,133,127,1535,20552001,6
266,1421407651,696991027,1,133,130,1535,20403001,0
267,1421407651,696991027,2,133,131,1487,20856001,1
267,1421407651,696991027,6,133,129,1487,20644001,4
267,1421407651,697991014,57,133,132,1520,17361001,0
267,1421407651,699990988,55,133,131,1767,20044001,0
267,1421407651,702990950,51,133,132,1797,20458001,2
268,1421407651,702990950,53,133,132,1520,20433001,1
268,1421407651,702990950,52,133,132,963,20396001,2
268,1421407651,703990937,54,133,133,2015,20365001,1
268,1421407651,703990937,50,133,133,2015,15713001,0
268,1421407651,703990937,56,133,132,971,12036001,0
269,1421407651,707990885,3,133,132,1489,20172001,0
269,1421407651,715990782,7,133,132,1489,20026001,0
269,1421407651,716990769,1,133,131,1535,20559001,4
269,1421407651,716990769,5,133,128,1535,20289001,0
269,1421407651,716990769,6,133,130,1487,20673001,2
270,1421407651,716990769,2,133,132,1487,20259001,0
270,1421407651,717990757,4,133,133,942,20534001,0
270,1421407651,717990757,57,133,132,1520,17374001,0
270,1421407651,719990731,51,133,130,1767,19956001,0
270,1421407651,722990692,55,133,132,1767,20422001,2
271,1421407651,722990692,53,133,132,1520,20146001,0
271,1421407651,723990679,54,133,132,2012,20240001,0
271,1421407651,723990679,50,133,133,2015,15664001,0
271,1421407651,723990679,52,133,132,958,20624001,1
271,1421407651,723990679,56,133,132,971,11885001,0
272,1421407651,727990628,3,133,131,1474,20314001,0
272,1421407651,736990512,1,133,126,1481,20206001,0
272,1421407651,736990512,7,133,132,1489,20118001,0
272,1421407651,736990512,6,133,131,1487,20398001,0
272,1421407651,737990499,2,133,131,1472,20498001,1
273,1421407651,737990499,4,133,133,942,20856001,1
273,1421407651,737990499,5,133,129,1535,20382001,0
273,1421407651,737990499,57,133,132,1520,17599001,0
273,1421407651,739990473,55,133,130,1743,20100001,0
273,1421407651,742990435,53,133,132,1520,20132001,0
274,1421407651,743990422,54,133,132,2012,20381001,1
274,1421407651,743990422,51,133,131,1767,20597001,0
274,1421407651,743990422,52,133,132,958,20271001,0
274,1421407651,743990422,50,133,133,2015,20416001,2
274,1421407651,744990409,56,133,132,971,11690001,0
275,1421407651,747990370,3,133,132,1474,20222001,0
275,1421407651,756990254,7,133,131,1474,20030001,0
275,1421407651,756990254,1,133,127,1481,20347001,0
275,1421407651,757990242,5,133,130,1535,20364001,1
275,1421407651,757990242,2,133,132,1472,20261001,0
276,1421407651,757990242,4,133,133,942,20293001,0
276,1421407651,757990242,6,133,132,1487,20551001,0
276,1421407651,758990229,57,133,132,1520,20558001,1
276,1421407651,760990203,53,133,132,1520,20447001,3
276,1421407651,763990164,54,133,132,2012,20449001,4
277,1421407651,763990164,55,133,131,1743,20426001,0
277,1421407651,764990151,50,133,132,2012,20690001,1
277,1421407651,764990151,51,133,132,1767,20695001,1
277,1421407651,764990151,52,133,132,958,20633001,4
277,1421407651,765990139,56,133,132,963,11627001,0
278,1421407651,768990100,1,133,128,1481,20149001,0
278,1421407651,776989997,7,133,132,1474,20056001,0
278,1421407651,777989984,3,133,132,1474,20113001,0
278,1421407651,777989984,4,133,133,944,20381001,0
278,1421407651,777989984,2,133,132,1472,20546001,1
279,1421407651,778989971,6,133,131,1472,20867001,2
279,1421407651,778989971,5,133,131,1535,20470001,0
279,1421407651,778989971,57,133,132,1520,17460001,0
279,1421407651,780989946,55,133,132,1743,20003001,0
279,1421407651,783989907,53,133,132,1520,20055001,0
280,1421407651,783989907,54,133,129,1979,19896001,0
280,1421407651,784989894,51,133,130,1743,20449001,2
280,1421407651,784989894,50,133,132,2012,20348001,3
280,1421407651,784989894,52,133,132,958,20201001,0
280,1421407651,785989881,56,133,132,963,11530001,0
281,1421407651,788989843,1,133,129,1481,20487001,0
281,1421407651,797989727,2,133,132,1462,20414001,0
281,1421407651,797989727,4,133,133,944,20306001,0
281,1421407651,798989714,6,133,132,1472,20619001,0
281,1421407651,798989714,7,133,132,1474,20679001,0
282,1421407651,798989714,5,133,126,1481,21415001,1
282,1421407651,798989714,3,133,132,1480,20982001,0
282,1421407651,799989701,57,133,132,1520,17781001,0
282,1421407651,801989675,54,133,130,1979,20178001,0
282,1421407651,803989649,55,133,132,1743,20007001,0
283,1421407651,803989649,53,133,127,1463,20202001,0
283,1421407651,804989637,50,133,132,2012,20212001,0
283,1421407651,804989637,52,133,131,944,20246001,1
283,1421407651,804989637,51,133,131,1743,20065001,0
283,1421407651,805989624,56,133,132,963,11324001,0
284,1421407651,808989585,2,133,132,1462,19859001,0
284,1421407651,818989456,4,133,133,944,20449001,0
284,1421407651,818989456,1,133,130,1481,20258001,0
284,1421407651,818989456,7,133,132,1480,20756001,1
284,1421407651,819989443,5,133,127,1481,20433001,0
285,1421407651,819989443,3,133,132,1480,20607001,0
285,1421407651,819989443,6,133,132,1472,20654001,0
285,1421407651,819989443,57,133,132,1520,17843001,0
285,1421407651,821989418,55,133,131,1727,20038001,0
285,1421407651,823989392,52,133,132,944,20448001,4
286,1421407651,824989379,54,133,131,1979,20288001,0
286,1421407651,824989379,50,133,129,1979,15349001,0
286,1421407651,824989379,53,133,128,1463,20249001,0
286,1421407651,825989366,51,133,132,1743,20616001,3
286,1421407651,825989366,56,133,132,958,11015001,0
287,1421407651,829989315,1,133,131,1481,20483001,0
287,1421407651,838989199,4,133,133,944,20361001,0
287,1421407651,838989199,2,133,132,1462,19875001,0
287,1421407651,839989186,7,133,132,1480,20130001,0
287,1421407651,839989186,5,133,128,1481,20738001,2
288,1421407651,839989186,3,133,132,1480,20684001,1
288,1421407651,840989173,6,133,132,1462,17991001,0
288,1421407651,840989173,57,133,132,1520,17644001,0
288,1421407651,841989160,55,133,132,1727,20461001,1
288,1421407651,844989122,52,133,132,944,20210001,0
289,1421407651,844989122,54,133,132,1979,20383001,1
289,1421407651,845989109,50,133,130,1979,20457001,6
289,1421407651,845989109,53,133,129,1463,20548001,0
289,1421407651,845989109,51,133,132,1743,20629001,0
289,1421407651,845989109,56,133,132,958,11040001,0
290,1421407651,849989057,4,133,134,964,20318001,0
290,1421407651,859988928,2,133,132,1458,20624001,1
290,1421407651,859988928,1,133,132,1481,20174001,0
290,1421407651,859988928,7,133,132,1480,20309001,0
290,1421407651,859988928,5,133,129,1481,20208001,0
291,1421407651,860988916,3,133,134,1508,19888001,0
291,1421407651,860988916,6,133,132,1462,17763001,0
291,1421407651,860988916,57,133,132,1520,18187001,0
291,1421407651,862988890,55,133,132,1727,20144001,0
291,1421407651,864988864,50,133,131,1979,20115001,0
292,1421407651,865988851,52,133,131,926,20229001,0
292,1421407651,865988851,54,133,131,1965,20103001,0
292,1421407651,865988851,53,133,130,1463,20561001,2
292,1421407651,865988851,51,133,131,1727,15680001,0
292,1421407651,866988838,56,133,132,958,10574001,0
293,1421407651,869988800,1,133,132,1481,20263001,0
293,1421407651,879988671,4,133,134,964,20358001,0
293,1421407651,879988671,2,133,132,1458,20368001,0
293,1421407651,880988658,5,133,130,1481,21249001,3
293,1421407651,880988658,3,133,134,1508,20745001,1
294,1421407651,880988658,6,133,132,1462,20646001,4
294,1421407651,881988645,7,133,134,1508,17678001,0
294,1421407651,881988645,57,133,132,1520,17760001,0
294,1421407651,882988632,52,133,132,926,20015001,0
294,1421407651,884988607,54,133,132,1965,20018001,0
295,1421407651,885988594,50,133,132,1979,20273001,0
295,1421407651,885988594,55,133,132,1721,19931001,0
295,1421407651,886988581,53,133,131,1463,20092001,0
295,1421407651,886988581,51,133,132,1727,15550001,0
295,1421407651,886988581,56,133,132,958,10662001,0
296,1421407651,890988529,2,133,132,1458,20306001,0
296,1421407651,899988413,4,133,134,964,19600001,0
296,1421407651,900988401,1,133,132,1481,20344001,0
296,1421407651,900988401,5,133,131,1481,20182001,0
296,1421407651,900988401,6,133,132,1458,20142001,0
297,1421407651,901988388,7,133,134,1508,20286001,4
297,1421407651,901988388,3,133,134,1508,20160001,0
297,1421407651,901988388,57,133,132,1520,17998001,0
297,1421407651,902988375,52,133,132,926,20008001,0
297,1421407651,905988336,54,133,132,1965,20261001,0
298,1421407651,905988336,50,133,131,1965,20021001,0
298,1421407651,905988336,53,133,132,1463,20046001,0
298,1421407651,905988336,55,133,132,1721,20339001,5
298,1421407651,906988323,51,133,132,1727,20314001,1
298,1421407651,906988323,56,133,131,944,10445001,0
299,1421407651,910988272,2,133,132,1455,20371001,0
299,1421407651,920988143,4,133,134,975,20295001,0
299,1421407651,920988143,1,133,132,1481,20263001,0
299,1421407651,920988143,7,133,134,1508,20656001,2
299,1421407651,921988130,3,133,134,1508,20193001,0
300,1421407651,921988130,6,133,132,1458,20172001,0
300,1421407651,921988130,5,133,132,1481,20143001,0
300,1421407651,922988117,57,133,132,1520,17936001,0
300,1421407651,923988104,50,133,132,1965,20130001,0
300,1421407651,925988079,52,133,131,912,20244001,0
301,1421407651,925988079,54,133,130,1940,20257001,0
301,1421407651,926988066,55,133,132,1721,20404001,0
301,1421407651,926988066,51,133,132,1721,15291001,0
301,1421407651,926988066,53,133,132,1463,15298001,0
301,1421407651,927988053,56,133,132,944,10597001,0
302,1421407651,930988014,1,133,132,1481,20026001,0
302,1421407651,940987886,2,133,132,1455,20315001,0
302,1421407651,941987873,4,133,134,975,20288001,0
302,1421407651,941987873,7,133,134,1508,20424001,1
302,1421407651,941987873,5,133,132,1481,20479001,3
303,1421407651,941987873,6,133,132,1458,20641001,3
303,1421407651,942987860,3,133,132,1486,20487001,2
303,1421407651,942987860,57,133,127,1463,17939001,0
303,1421407651,943987847,50,133,132,1965,20191001,0
303,1421407651,945987821,54,133,131,1940,20360001,1
304,1421407651,946987808,52,133,132,912,20320001,1
304,1421407651,946987808,55,133,134,1743,20107001,0
304,1421407651,946987808,51,133,132,1721,20387001,1
304,1421407651,946987808,53,133,132,1463,15134001,0
304,1421407651,947987795,56,133,132,944,10573001,0
305,1421407651,951987744,4,133,134,975,20093001,0
305,1421407651,961987615,1,133,132,1481,20182001,0
305,1421407651,961987615,2,133,132,1455,20164001,0
305,1421407651,961987615,7,133,132,1486,20458001,0
305,1421407651,962987602,6,133,132,1455,20313001,0
306,1421407651,962987602,5,133,132,1481,20406001,0
306,1421407651,962987602,3,133,132,1486,17336001,0
306,1421407651,962987602,57,133,128,1463,20953001,1
306,1421407651,964987577,52,133,132,912,20062001,0
306,1421407651,965987564,50,133,130,1940,20019001,0
307,1421407651,965987564,54,133,132,1940,20352001,0
307,1421407651,965987564,55,133,134,1743,20362001,3
307,1421407651,965987564,53,133,132,1463,20612001,6
307,1421407651,966987551,51,133,132,1721,20573001,5
307,1421407651,966987551,56,133,131,926,20602001,1
308,1421407651,971987486,2,133,132,1455,20013001,0
308,1421407651,981987358,1,133,132,1481,20028001,0
308,1421407651,981987358,4,133,133,969,20115001,0
308,1421407651,981987358,3,133,132,1486,20382001,1
308,1421407651,982987345,6,133,132,1455,20658001,1
309,1421407651,982987345,5,133,132,1481,20341001,0
309,1421407651,982987345,7,133,132,1486,20378001,0
309,1421407651,983987332,57,133,129,1463,18724002,0
309,1421407651,985987306,54,133,132,1936,19938002,0
309,1421407651,985987306,50,133,131,1940,20041001,0
310,1421407651,985987306,52,133,132,912,20154001,0
310,1421407651,986987293,55,133,134,1743,20166001,0
310,1421407651,986987293,51,133,134,1743,20060001,0
310,1421407651,987987280,53,133,132,1463,20122002,0
310,1421407651,987987280,56,133,132,926,10504002,0
311,1421407651,992987216,2,133,131,1438,20126001,0
311,1421407652,1999975,4,133,133,969,20080001,0
311,1421407652,2999962,1,133,126,1420,20212001,0
311,1421407652,2999962,3,133,132,1478,16826001,0
311,1421407652,3999949,6,133,132,1455,20502001,2
312,1421407652,3999949,5,133,132,1481,20352001,0
312,1421407652,3999949,7,133,132,1486,20910001,2
312,1421407652,4999936,57,133,130,1463,18996001,0
312,1421407652,5999923,54,133,132,1936,20231002,0
312,1421407652,5999923,50,133,132,1940,20180001,0
313,1421407652,6999910,51,133,134,1743,20143002,0
313,1421407652,6999910,55,133,134,1743,20211002,0
313,1421407652,6999910,52,133,132,910,20217002,0
313,1421407652,6999910,53,133,132,1463,20190001,0
313,1421407652,7999898,56,133,132,926,10726001,0
314,1421407652,12999833,2,133,132,1438,20113001,0
314,1421407652,22999704,1,133,127,1420,19987001,0
314,1421407652,22999704,4,133,133,969,20026002,0
314,1421407652,23999692,3,133,132,1478,20580001,6
314,1421407652,23999692,5,133,132,1481,20337001,0
315,1421407652,23999692,6,133,132,1455,20514001,0
315,1421407652,24999679,7,133,132,1478,20845001,1
315,1421407652,24999679,57,133,131,1463,19430002,0
315,1421407652,26999653,54,133,132,1936,20221002,0
315,1421407652,26999653,50,133,132,1936,20264002,0
316,1421407652,26999653,55,133,134,1748,20324001,0
316,1421407652,27999640,52,133,132,910,20555001,2
316,1421407652,27999640,51,133,134,1743,20274002,0
316,1421407652,27999640,53,133,132,1463,20461001,0
316,1421407652,28999627,56,133,131,912,10729002,0
317,1421407652,32999576,2,133,132,1438,20170001,0
317,1421407652,42999447,1,133,128,1420,20235001,0
317,1421407652,42999447,4,133,133,969,20137001,0
317,1421407652,43999434,3,133,132,1478,20493001,1
317,1421407652,43999434,6,133,131,1438,20739002,3
318,1421407652,43999434,5,133,132,1481,20478001,1
318,1421407652,44999421,7,133,132,1478,20389002,0
318,1421407652,44999421,57,133,132,1463,19256002,0
318,1421407652,46999395,50,133,132,1936,20070002,0
318,1421407652,46999395,54,133,132,1936,20009002,0
319,1421407652,47999383,52,133,132,910,20017002,0
319,1421407652,47999383,55,133,134,1748,20060001,0
319,1421407652,47999383,53,133,132,1463,14502002,0
319,1421407652,47999383,51,133,134,1743,14608002,0
319,1421407652,48999370,56,133,132,912,10655002,0
320,1421407652,53999305,4,133,133,969,20335002,0
320,1421407652,63999177,1,133,129,1420,20354002,0
320,1421407652,63999177,2,133,131,1423,20048002,0
320,1421407652,63999177,7,133,132,1478,20448002,5
320,1421407652,63999177,6,133,132,1438,20251002,0
321,1421407652,64999164,5,133,126,1420,20300001,0
321,1421407652,64999164,3,133,133,1491,20463001,0
321,1421407652,64999164,57,133,132,1463,19900002,0
321,1421407652,66999138,50,133,132,1936,20196002,0
321,1421407652,67999125,54,133,134,1957,20312002,1
322,1421407652,67999125,52,133,132,901,20321002,2
322,1421407652,67999125,55,133,134,1748,20531002,1
322,1421407652,68999112,53,133,132,1463,20343002,4
322,1421407652,68999112,51,133,134,1748,20475002,1
322,1421407652,68999112,56,133,132,912,10661002,0
323,1421407652,73999048,1,133,130,1420,20341002,0
323,1421407652,83998919,2,133,132,1423,20114002,0
323,1421407652,83998919,4,133,133,969,20083002,0
323,1421407652,84998906,5,133,127,1420,20256002,0
323,1421407652,84998906,6,133,132,1438,20275002,0
324,1421407652,84998906,3,133,133,1491,20346002,0
324,1421407652,84998906,7,133,133,1491,20534002,0
324,1421407652,85998893,57,133,132,1463,19964002,0
324,1421407652,87998868,50,133,132,1936,20201002,0
324,1421407652,87998868,52,133,132,901,20124002,0
325,1421407652,87998868,54,133,134,1957,20260002,0
325,1421407652,88998855,53,133,140,1553,20564002,2
325,1421407652,88998855,51,133,134,1748,20433002,3
325,1421407652,88998855,55,133,132,1729,20453002,0
325,1421407652,89998842,56,133,132,912,10728002,0
326,1421407652,93998790,2,133,132,1423,20078002,0
326,1421407652,103998662,4,133,133,969,20120002,0
326,1421407652,104998649,1,133,131,1420,20019002,0
326,1421407652,104998649,3,133,133,1491,20371002,3
326,1421407652,104998649,6,133,131,1423,16584002,0
327,1421407652,105998636,5,133,128,1420,20156002,0
327,1421407652,105998636,7,133,133,1491,16621002,0
327,1421407652,105998636,57,133,132,1463,19861002,0
327,1421407652,107998610,50,133,134,1957,20043002,0
327,1421407652,107998610,52,133,132,901,20162002,0
328,1421407652,108998597,54,133,134,1957,20205002,0
328,1421407652,108998597,53,133,139,1553,20103002,0
328,1421407652,108998597,51,133,134,1748,20099002,0
328,1421407652,108998597,55,133,132,1729,14199002,0
328,1421407652,109998584,56,133,132,910,10508002,0
329,1421407652,114998520,1,133,132,1420,20089002,0
329,1421407652,124998391,2,133,130,1400,20119002,0
329,1421407652,124998391,4,133,134,987,20181002,0
329,1421407652,124998391,3,133,133,1491,20410002,0
329,1421407652,124998391,5,133,129,1420,20715002,3
330,1421407652,125998378,6,133,132,1423,20479002,7
330,1421407652,125998378,7,133,133,1491,20404002,1
330,1421407652,125998378,57,133,132,1463,19944002,0
330,1421407652,127998353,52,133,132,897,20097002,0
330,1421407652,128998340,50,133,134,1957,19957002,0
331,1421407652,128998340,54,133,132,1944,19894002,0
331,1421407652,128998340,51,133,132,1729,20224002,0
331,1421407652,128998340,53,133,138,1553,20065002,0
331,1421407652,129998327,55,133,132,1729,14161002,0
331,1421407652,129998327,56,133,132,910,10589002,0
332,1421407652,134998262,2,133,131,1400,20015002,0
332,1421407652,144998134,1,133,132,1420,20069002,0
332,1421407652,144998134,4,133,134,987,20104002,0
332,1421407652,145998121,3,133,132,1471,20432002,0
332,1421407652,145998121,5,133,130,1420,20236002,0
333,1421407652,145998121,7,133,133,1491,20675002,6
333,1421407652,146998108,6,133,132,1423,20443002,0
333,1421407652,146998108,57,133,132,1463,20152002,0
333,1421407652,148998082,50,133,134,1957,20186002,0
333,1421407652,148998082,52,133,132,897,20100002,0
334,1421407652,148998082,54,133,132,1944,20041002,0
334,1421407652,149998069,51,133,132,1729,20310002,1
334,1421407652,149998069,53,133,137,1553,20130002,0
334,1421407652,149998069,55,133,131,1710,20341002,3
334,1421407652,149998069,56,133,132,910,10424002,0
335,1421407652,154998005,2,133,132,1400,19894002,0
335,1421407652,165997863,1,133,132,1420,20179002,0
335,1421407652,165997863,4,133,134,987,20232002,0
335,1421407652,166997850,3,133,132,1471,20632002,2
335,1421407652,166997850,5,133,131,1420,20253002,0
336,1421407652,166997850,6,133,130,1400,16773002,0
336,1421407652,167997838,7,133,132,1471,20286002,0
336,1421407652,167997838,54,133,132,1944,20472002,4
336,1421407652,168997825,52,133,132,897,20500002,3
336,1421407652,168997825,50,133,132,1944,20544002,1
337,1421407652,169997812,53,133,136,1553,20632002,6
337,1421407652,169997812,51,133,132,1729,20637002,3
337,1421407652,169997812,55,133,132,1710,20856002,2
337,1421407652,170997799,57,133,132,1463,14037002,0
337,1421407652,170997799,56,133,132,901,10469002,0
338,1421407652,175997735,2,133,132,1400,19899002,0
338,1421407652,185997606,1,133,132,1420,20012002,0
338,1421407652,185997606,4,133,134,992,20236002,0
338,1421407652,186997593,3,133,132,1471,20207002,0
338,1421407652,186997593,5,133,132,1420,20354002,0
339,1421407652,186997593,7,133,132,1471,16534002,0
339,1421407652,187997580,6,133,131,1400,16736002,0
339,1421407652,187997580,50,133,132,1944,20197002,0
339,1421407652,188997567,52,133,132,897,20264002,0
339,1421407652,189997554,54,133,129,1910,19940002,0
340,1421407652,189997554,53,133,135,1553,20161002,0
340,1421407652,189997554,51,133,131,1710,20269002,0
340,1421407652,190997541,55,133,132,1710,20706002,2
340,1421407652,190997541,57,133,132,1463,13908002,0
340,1421407652,190997541,56,133,132,901,20601002,1
341,1421407652,195997477,1,133,132,1420,20077002,0
341,1421407652,206997335,4,133,134,992,20213002,0
341,1421407652,206997335,2,133,130,1377,20013002,0
341,1421407652,206997335,3,133,132,1476,20281002,0
341,1421407652,207997323,5,133,132,1420,20395002,0
342,1421407652,207997323,6,133,132,1400,20447002,4
342,1421407652,207997323,7,133,132,1471,20546002,2
342,1421407652,208997310,50,133,132,1944,20325002,0
342,1421407652,209997297,53,133,134,1553,19997002,0
342,1421407652,210997284,51,133,132,1710,20154002,0
343,1421407652,210997284,55,133,132,1710,20255002,0
343,1421407652,210997284,52,133,132,901,20328002,0
343,1421407652,210997284,57,133,132,1463,20308002,1
343,1421407652,211997271,54,133,130,1910,20255002,0
343,1421407652,211997271,56,133,132,901,10543002,0
344,1421407652,216997207,2,133,131,1377,19976002,0
344,1421407652,226997078,1,133,132,1420,20259002,0
344,1421407652,226997078,4,133,134,992,20034002,0
344,1421407652,227997065,3,133,132,1476,20318002,0
344,1421407652,227997065,5,133,132,1420,20360002,0
345,1421407652,227997065,7,133,132,1476,20718002,3
345,1421407652,227997065,6,133,132,1400,20559002,2
345,1421407652,228997052,53,133,134,1553,20155002,0
345,1421407652,229997039,52,133,132,901,20428002,1
345,1421407652,230997026,55,133,130,1682,20229002,1
346,1421407652,230997026,50,133,129,1910,20520002,1
346,1421407652,230997026,54,133,131,1910,20627002,5
346,1421407652,230997026,57,133,140,1553,20388002,1
346,1421407652,231997014,51,133,132,1710,20534002,0
346,1421407652,231997014,56,133,132,897,10290000,0
347,1421407652,236996949,2,133,132,1377,20058002,0
347,1421407652,246996820,4,133,134,992,20190002,0
347,1421407652,247996808,1,133,132,1420,20342002,0
347,1421407652,247996808,3,133,132,1476,20368002,0
347,1421407652,247996808,5,133,132,1420,20283002,0
348,1421407652,248996795,7,133,132,1476,20359002,2
348,1421407652,248996795,6,133,130,1377,20300002,0
348,1421407652,248996795,52,133,132,901,20368000,5
348,1421407652,250996769,55,133,131,1682,20118000,0
348,1421407652,250996769,53,133,134,1553,20057000,0
349,1421407652,251996756,57,133,139,1553,13715000,0
349,1421407652,251996756,50,133,130,1910,20783000,1
349,1421407652,252996743,54,133,132,1910,20300000,0
349,1421407652,252996743,51,133,132,1710,13618000,0
349,1421407652,252996743,56,133,132,897,10416000,0
350,1421407652,257996679,2,133,131,1363,20128002,0
350,1421407652,267996550,4,133,134,996,20008002,0
350,1421407652,267996550,1,133,132,1420,20128002,0
350,1421407652,268996537,3,133,132,1479,20259002,0
350,1421407652,268996537,7,133,132,1476,20274002,0
351,1421407652,268996537,5,133,132,1420,20375002,0
351,1421407652,269996524,6,133,131,1377,20439002,0
351,1421407652,269996524,53,133,134,1553,20191000,0
351,1421407652,270996512,52,133,132,894,20340000,0
351,1421407652,271996499,55,133,132,1682,20558000,2
352,1421407652,271996499,57,133,138,1553,20740000,7
352,1421407652,272996486,50,133,131,1910,20952000,1
352,1421407652,272996486,54,133,130,1885,20945000,0
352,1421407652,273996473,51,133,130,1682,14347000,0
352,1421407652,273996473,56,133,132,897,10493000,0
353,1421407652,277996421,4,133,134,996,19983000,0
353,1421407652,287996293,1,133,124,1332,20034000,0
353,1421407652,288996280,2,133,132,1363,20128000,0
353,1421407652,288996280,3,133,132,1479,20315000,0
353,1421407652,288996280,7,133,132,1479,20306000,0
354,1421407652,289996267,6,133,132,1377,17091000,0
354,1421407652,289996267,5,133,132,1420,20384000,0
354,1421407652,289996267,53,133,134,1553,19304000,0
354,1421407652,290996254,55,133,132,1673,19983000,0
354,1421407652,291996241,52,133,132,894,19201000,0
355,1421407652,291996241,57,133,137,1553,19806000,0
355,1421407652,291996241,50,133,132,1910,19934000,0
355,1421407652,292996228,54,133,131,1885,19994000,0
355,1421407652,292996228,51,133,131,1682,13954000,0
355,1421407652,292996228,56,133,132,897,10412000,0
356,1421407652,297996164,2,133,132,1363,20127000,0
356,1421407652,307996035,4,133,134,996,20017000,0
356,1421407652,307996035,1,133,125,1332,20029000,0
356,1421407652,308996022,3,133,132,1479,20585000,2
356,1421407652,308996022,7,133,132,1479,20435000,0
357,1421407652,308996022,5,133,132,1420,20406000,0
357,1421407652,309996009,6,133,131,1363,20398000,7
357,1421407652,309996009,53,133,134,1553,20194000,0
357,1421407652,310995997,55,133,132,1673,20409000,2
357,1421407652,311995984,52,133,132,894,20185000,0
358,1421407652,311995984,57,133,136,1553,20038000,0
358,1421407652,311995984,50,133,130,1885,19944000,0
358,1421407652,311995984,54,133,132,1885,20190000,0
358,1421407652,312995971,51,133,132,1682,20369000,2
358,1421407652,312995971,56,133,132,901,10394000,0
359,1421407652,317995906,4,133,134,1015,20168000,0
359,1421407652,327995778,1,133,126,1332,20210000,0
359,1421407652,328995765,2,133,132,1357,20077000,0
359,1421407652,328995765,7,133,132,1479,20787000,2
359,1421407652,328995765,3,133,132,1479,20625000,0
360,1421407652,329995752,5,133,132,1420,20520000,0
360,1421407652,329995752,6,133,132,1363,20978000,0
360,1421407652,329995752,55,133,132,1673,20192000,0
360,1421407652,330995739,52,133,131,882,20289000,0
360,1421407652,331995726,53,133,134,1553,20182000,0
361,1421407652,331995726,57,133,135,1553,20341000,4
361,1421407652,331995726,50,133,131,1885,20370000,5
361,1421407652,332995713,54,133,129,1848,20298000,1
361,1421407652,332995713,51,133,132,1673,20242000,0
361,1421407652,332995713,56,133,132,901,10189000,0
362,1421407652,338995636,4,133,134,1015,20316000,0
362,1421407652,348995507,2,133,132,1357,19492000,0
362,1421407652,348995507,1,133,127,1332,19971000,0
362,1421407652,348995507,3,133,128,1433,20215000,0
362,1421407652,349995494,5,133,124,1332,19938000,0
363,1421407652,349995494,7,133,132,1479,20150000,0
363,1421407652,349995494,6,133,132,1363,17676000,0
363,1421407652,349995494,52,133,132,882,20182000,0
363,1421407652,351995469,53,133,139,1614,19944000,0
363,1421407652,351995469,55,133,132,1673,20421000,2
364,1421407652,351995469,50,133,132,1885,19922000,0
364,1421407652,352995456,57,133,134,1553,20091000,0
364,1421407652,352995456,51,133,132,1673,20260000,0
364,1421407652,352995456,54,133,130,1848,13859000,0
364,1421407652,353995443,56,133,132,901,10142000,0
365,1421407652,358995379,1,133,128,1332,20087000,0
365,1421407652,368995250,2,133,132,1357,20020000,0
365,1421407652,368995250,4,133,134,1015,19981000,0
365,1421407652,369995237,3,133,129,1433,20429000,1
365,1421407652,369995237,7,133,128,1433,20247000,0
366,1421407652,369995237,5,133,125,1332,20660000,1
366,1421407652,370995224,6,133,132,1357,20247000,1
366,1421407652,370995224,53,133,138,1614,20196000,0
366,1421407652,371995211,55,133,132,1673,20187000,0
366,1421407652,371995211,52,133,132,882,20208000,0
367,1421407652,372995198,50,133,129,1848,20262000,0
367,1421407652,372995198,57,133,134,1553,20166000,0
367,1421407652,372995198,51,133,132,1673,20841000,1
367,1421407652,372995198,54,133,131,1848,20386000,2
367,1421407652,373995185,56,133,132,894,10119000,0
368,1421407652,378995121,2,133,132,1357,20070000,0
368,1421407652,389994979,1,133,129,1332,20127000,0
368,1421407652,389994979,4,133,135,1035,20003000,0
368,1421407652,389994979,3,133,130,1433,20587000,3
368,1421407652,389994979,5,133,126,1332,20784000,1
369,1421407652,390994967,6,133,132,1357,20415000,4
369,1421407652,390994967,7,133,129,1433,20458000,2
369,1421407652,390994967,53,133,137,1614,20202000,0
369,1421407652,391994954,55,133,132,1673,20301000,0
369,1421407652,392994941,52,133,132,882,20186000,0
370,1421407652,392994941,50,133,130,1848,20225000,0
370,1421407652,392994941,57,133,134,1553,19870000,0
370,1421407652,392994941,51,133,132,1673,20072000,0
370,1421407652,393994928,54,133,129,1821,13619000,0
370,1421407652,393994928,56,133,132,894,10147000,0
371,1421407652,399994851,2,133,131,1346,20067000,0
371,1421407652,409994722,4,133,134,1035,20081000,0
371,1421407652,409994722,1,133,130,1332,20242000,0
371,1421407652,410994709,3,133,132,1459,20289000,0
371,1421407652,410994709,6,133,132,1357,20675000,1
372,1421407652,410994709,5,133,127,1332,20709000,1
372,1421407652,411994696,7,133,130,1433,17653000,0
372,1421407652,411994696,53,133,136,1614,20196000,0
372,1421407652,411994696,52,133,132,875,20348000,3
372,1421407652,412994683,55,133,132,1673,20259000,0
373,1421407652,412994683,50,133,131,1848,20124000,0
373,1421407652,412994683,57,133,134,1553,20410000,2
373,1421407652,412994683,51,133,132,1673,20296000,0
373,1421407652,413994670,54,133,130,1821,13401000,0
373,1421407652,413994670,56,133,132,894,10059000,0
374,1421407652,420994580,2,133,132,1346,19985000,0
374,1421407652,430994452,1,133,131,1332,20015000,0
374,1421407652,431994439,4,133,134,1035,20260000,0
374,1421407652,431994439,3,133,132,1459,20376000,0
374,1421407652,431994439,5,133,128,1332,20327000,0
375,1421407652,432994426,6,133,132,1357,20575000,2
375,1421407652,432994426,7,133,132,1459,17738000,0
375,1421407652,433994413,53,133,135,1614,20209000,0
375,1421407652,433994413,52,133,132,875,20292000,0
375,1421407652,433994413,55,133,131,1657,20298000,0
376,1421407652,434994400,50,133,129,1821,20401000,3
376,1421407652,434994400,54,133,131,1821,20578000,4
376,1421407652,435994387,51,133,132,1673,20180000,0
376,1421407652,435994387,57,133,134,1553,20350000,0
376,1421407652,435994387,56,133,131,882,10150000,0
377,1421407652,440994323,4,133,134,1035,20135000,0
377,1421407652,450994194,2,133,132,1346,20008000,0
377,1421407652,451994181,1,133,132,1332,20060000,0
377,1421407652,451994181,3,133,132,1459,20366000,0
377,1421407652,451994181,6,133,131,1346,20265000,0
378,1421407652,452994168,5,133,129,1332,20391000,0
378,1421407652,452994168,7,133,132,1459,20539000,3
378,1421407652,452994168,53,133,134,1614,20163000,0
378,1421407652,453994155,52,133,132,875,20061000,0
378,1421407652,453994155,55,133,132,1657,20314000,0
379,1421407652,454994143,54,133,132,1821,20123000,0
379,1421407652,454994143,57,133,134,1553,13231000,0
379,1421407652,454994143,50,133,130,1821,20026000,0
379,1421407652,454994143,51,133,132,1673,20634000,3
379,1421407652,455994130,56,133,132,882,10176000,0
380,1421407652,461994052,2,133,132,1344,20355000,0
380,1421407652,471993924,4,133,133,1034,20170000,0
380,1421407652,471993924,1,133,132,1332,20004000,0
380,1421407652,472993911,3,133,132,1465,20275000,0
380,1421407652,472993911,5,133,130,1332,20379000,0
381,1421407652,472993911,6,133,132,1346,20338000,0
381,1421407652,472993911,7,133,132,1459,18001000,0
381,1421407652,473993898,52,133,132,877,20171000,0
381,1421407652,473993898,55,133,132,1657,20433000,3
381,1421407652,473993898,53,133,134,1614,20428000,3
382,1421407652,474993885,54,133,131,1807,20486000,3
382,1421407652,474993885,50,133,131,1821,20512000,0
382,1421407652,474993885,51,133,131,1657,20687000,2
382,1421407652,474993885,57,133,134,1553,20576000,4
382,1421407652,475993872,56,133,132,882,10008000,0
383,1421407652,481993795,2,133,132,1344,20028000,0
383,1421407652,491993666,4,133,133,1034,20136000,0
383,1421407652,492993653,1,133,132,1332,20005000,0
383,1421407652,492993653,3,133,132,1465,20232000,0
383,1421407652,492993653,5,133,131,1332,20381000,0
384,1421407652,493993640,6,133,132,1346,20600000,4
384,1421407652,493993640,7,133,132,1465,20559000,5
384,1421407652,494993628,53,133,134,1614,20120000,0
384,1421407652,494993628,52,133,132,877,20302000,0
384,1421407652,494993628,55,133,132,1656,20361000,0
385,1421407652,494993628,50,133,132,1821,20518000,2
385,1421407652,495993615,54,133,132,1807,20107000,0
385,1421407652,495993615,57,133,139,1614,20325000,0
385,1421407652,495993615,51,133,132,1657,20118000,0
385,1421407652,495993615,56,133,132,882,10405000,0
386,1421407652,502993525,2,133,132,1344,20353000,0
386,1421407652,511993409,1,133,132,1332,20121000,0
386,1421407652,512993396,4,133,133,1034,20243000,0
386,1421407652,512993396,3,133,132,1465,20280000,0
386,1421407652,513993383,6,133,132,1344,20165000,0
387,1421407652,513993383,5,133,132,1332,20365000,0
387,1421407652,513993383,7,133,132,1465,20408000,2
387,1421407652,514993370,53,133,134,1614,19808000,0
387,1421407652,514993370,52,133,132,877,20001000,0
387,1421407652,514993370,50,133,131,1807,20562000,2
388,1421407652,515993357,54,133,132,1807,20755000,3
388,1421407652,515993357,57,133,138,1614,21042000,5
388,1421407652,515993357,51,133,132,1657,21062000,1
388,1421407652,515993357,55,133,132,1656,20850000,0
388,1421407652,516993344,56,133,132,875,10514000,0
389,1421407652,522993267,2,133,132,1336,20200000,0
389,1421407652,532993138,1,133,132,1332,20011000,0
389,1421407652,532993138,4,133,133,1038,20299000,0
389,1421407652,532993138,3,133,132,1465,20341000,0
389,1421407652,533993126,6,133,132,1344,20232000,0
390,1421407652,533993126,5,133,132,1332,20502000,0
390,1421407652,533993126,7,133,132,1465,20465000,0
390,1421407652,534993113,53,133,134,1614,20159000,0
390,1421407652,534993113,52,133,132,876,19816000,0
390,1421407652,535993100,50,133,132,1807,20233000,0
391,1421407652,535993100,54,133,130,1780,20167000,0
391,1421407652,535993100,51,133,132,1656,20225000,0
391,1421407652,535993100,57,133,137,1614,20538000,0
391,1421407652,536993087,55,133,132,1656,13308000,0
391,1421407652,536993087,56,133,132,875,10482001,0
