Simulation time,DDS time seconds,DDS time nanoseconds,Turbine Id,Setpoint,Current production,Max production,MS since last write,Cache count
0,1421407847,374995173,54,80,78,2030,19651000,0
0,1421407847,435994387,61,80,81,1765,20004000,0
0,1421407847,435994387,55,80,81,1720,20107000,0
1,1421407847,435994387,50,80,79,2030,18914000,0
1,1421407847,435994387,53,80,81,1765,19738000,0
1,1421407847,435994387,52,80,79,1302,20615000,1
1,1421407847,435994387,58,80,79,2030,19268000,0
1,1421407847,435994387,51,80,81,1733,19895000,0
2,1421407847,436994374,60,80,79,1302,20139000,0
2,1421407847,436994374,57,80,81,1765,19727000,0
2,1421407847,436994374,62,80,79,2042,20352000,3
2,1421407847,436994374,59,80,82,1705,19265000,0
2,1421407847,436994374,10,80,79,1791,19518000,0
3,1421407847,436994374,3,80,81,1950,20176000,0
3,1421407847,436994374,11,80,81,1909,19805000,0
3,1421407847,436994374,7,80,81,1950,20093000,0
3,1421407847,436994374,1,80,79,1691,20476000,2
3,1421407847,436994374,12,80,79,1249,20582000,2
4,1421407847,436994374,8,80,79,1249,19327000,0
4,1421407847,437994361,4,80,79,1249,20352000,1
4,1421407847,437994361,2,80,79,1800,20225000,0
4,1421407847,437994361,56,80,79,1306,19678000,0
4,1421407847,437994361,9,80,78,1691,20698000,11
5,1421407847,437994361,5,80,79,1691,20490000,0
5,1421407847,437994361,6,80,79,1800,21259000,10
5,1421407847,437994361,50,80,79,2030,19247000,0
5,1421407847,448994220,61,80,81,1765,20099000,0
5,1421407847,449994207,54,80,79,2030,19829000,0
6,1421407847,449994207,53,80,81,1765,19424000,0
6,1421407847,449994207,58,80,79,2030,19572000,0
6,1421407847,449994207,51,80,81,1740,20084000,0
6,1421407847,449994207,55,80,81,1720,20239000,0
6,1421407847,449994207,60,80,79,1302,19973000,0
7,1421407847,449994207,57,80,81,1765,20068000,0
7,1421407847,449994207,62,80,78,2030,19840000,0
7,1421407847,449994207,59,80,81,1705,19470000,0
7,1421407847,449994207,52,80,79,1302,20163000,0
7,1421407847,449994207,10,80,80,1802,20130000,0
8,1421407847,449994207,11,80,81,1921,20057000,0
8,1421407847,450994194,7,80,81,1950,20217000,0
8,1421407847,450994194,1,80,79,1691,20068000,0
8,1421407847,450994194,8,80,79,1249,19970000,0
8,1421407847,450994194,12,80,78,1232,20338000,0
9,1421407847,450994194,4,80,79,1249,20067000,0
9,1421407847,450994194,56,80,79,1306,20533000,5
9,1421407847,450994194,2,80,79,1791,21057000,3
9,1421407847,450994194,3,80,81,1950,20290000,0
9,1421407847,450994194,6,80,79,1791,19979000,0
10,1421407847,450994194,5,80,79,1691,21149000,2
10,1421407847,450994194,9,80,79,1691,20910000,6
10,1421407847,450994194,61,80,81,1765,19725000,0
10,1421407847,469993949,51,80,81,1740,19251000,0
10,1421407847,469993949,58,80,79,2024,20065000,0
11,1421407847,469993949,60,80,79,1307,19538000,0
11,1421407847,469993949,55,80,81,1720,20124000,0
11,1421407847,469993949,62,80,79,2030,19590000,0
11,1421407847,470993937,57,80,81,1765,19799000,0
11,1421407847,470993937,53,80,81,1765,19418000,0
12,1421407847,470993937,54,80,79,2030,20026000,0
12,1421407847,470993937,50,80,79,2030,20196000,0
12,1421407847,470993937,52,80,79,1307,20218000,0
12,1421407847,470993937,59,80,81,1705,19822000,0
12,1421407847,470993937,10,80,80,1802,19746000,0
13,1421407847,470993937,11,80,81,1921,19442000,0
13,1421407847,471993924,1,80,79,1691,20170000,0
13,1421407847,471993924,12,80,79,1232,20527000,18
13,1421407847,471993924,4,80,78,1232,20157000,0
13,1421407847,471993924,56,80,77,1285,20620000,4
14,1421407847,471993924,3,80,83,1985,19948000,0
14,1421407847,471993924,7,80,83,1985,19917000,0
14,1421407847,471993924,6,80,79,1791,20491000,18
14,1421407847,472993911,2,80,79,1791,20549000,0
14,1421407847,472993911,5,80,79,1691,20676000,1
15,1421407847,472993911,8,80,78,1232,20346000,0
15,1421407847,472993911,9,80,79,1691,1277000,0
15,1421407847,472993911,51,80,81,1740,19808000,0
15,1421407847,489993692,60,80,79,1307,19343000,0
15,1421407847,489993692,55,80,81,1733,20092000,0
16,1421407847,489993692,57,80,81,1765,19966000,0
16,1421407847,489993692,62,80,79,2030,19123000,0
16,1421407847,489993692,61,80,81,1765,19973000,0
16,1421407847,489993692,50,80,79,2024,20206000,0
16,1421407847,490993679,54,80,79,2030,19684000,0
17,1421407847,490993679,53,80,81,1765,19908000,0
17,1421407847,490993679,52,80,79,1307,19830000,0
17,1421407847,490993679,58,80,79,2024,19595000,0
17,1421407847,490993679,59,80,81,1720,20392000,0
17,1421407847,490993679,12,80,79,1232,20037000,0
18,1421407847,490993679,1,80,79,1691,20083000,0
18,1421407847,490993679,56,80,78,1285,20485000,1
18,1421407847,490993679,4,80,79,1232,19806000,0
18,1421407847,490993679,11,80,81,1921,19946000,0
18,1421407847,490993679,7,80,82,1985,19733000,0
19,1421407847,490993679,3,80,82,1985,19802000,0
19,1421407847,491993666,6,80,79,1791,20309000,4
19,1421407847,491993666,2,80,79,1791,21099000,3
19,1421407847,491993666,8,80,79,1232,21190000,1
19,1421407847,491993666,9,80,79,1691,466000,0
20,1421407847,491993666,10,80,80,1802,20798000,0
20,1421407847,491993666,5,80,79,1691,20339000,0
20,1421407847,491993666,61,80,81,1765,19730000,0
20,1421407847,509993434,55,80,81,1733,19703000,0
20,1421407847,510993422,62,80,79,2030,19748000,0
21,1421407847,510993422,57,80,81,1765,20454000,1
21,1421407847,510993422,53,80,81,1765,20447000,1
21,1421407847,510993422,54,80,79,2024,19243000,0
21,1421407847,510993422,50,80,79,2024,20179000,0
21,1421407847,510993422,52,80,79,1307,19851000,0
22,1421407847,510993422,51,80,80,1739,20086000,0
22,1421407847,510993422,59,80,81,1720,20322000,5
22,1421407847,511993409,58,80,79,2024,19835000,0
22,1421407847,511993409,60,80,79,1307,20318000,0
22,1421407847,511993409,56,80,79,1285,20572000,8
23,1421407847,511993409,12,80,79,1232,19763000,0
23,1421407847,511993409,4,80,79,1232,20862000,12
23,1421407847,511993409,7,80,81,1985,20996000,14
23,1421407847,511993409,6,80,79,1791,20846000,4
23,1421407847,511993409,2,80,79,1791,20177000,0
24,1421407847,511993409,8,80,79,1232,21249000,9
24,1421407847,511993409,3,80,81,1985,20272000,0
24,1421407847,512993396,1,80,79,1691,20306000,0
24,1421407847,512993396,9,80,79,1691,20306000,10
24,1421407847,512993396,5,80,79,1691,20753000,7
25,1421407847,512993396,11,80,82,1950,20937000,0
25,1421407847,512993396,10,80,81,1822,20424000,0
25,1421407847,512993396,61,80,81,1765,19673000,0
25,1421407847,530993164,57,80,81,1765,19908000,0
25,1421407847,530993164,62,80,79,2024,19918000,0
26,1421407847,530993164,53,80,81,1765,19959000,0
26,1421407847,530993164,52,80,79,1307,20074000,0
26,1421407847,530993164,55,80,81,1733,20006000,0
26,1421407847,530993164,54,80,79,2024,19916000,0
26,1421407847,530993164,50,80,79,2024,20286000,0
27,1421407847,531993151,59,80,81,1720,19544000,0
27,1421407847,531993151,58,80,79,2024,20406000,0
27,1421407847,531993151,51,80,80,1739,20402000,0
27,1421407847,531993151,56,80,79,1285,20128000,0
27,1421407847,531993151,60,80,79,1307,20579000,0
28,1421407847,531993151,7,80,81,1985,19697000,0
28,1421407847,531993151,6,80,80,1802,20096000,0
28,1421407847,531993151,8,80,79,1232,20072000,0
28,1421407847,531993151,2,80,80,1802,20812000,3
28,1421407847,531993151,3,80,81,1985,19970000,0
29,1421407847,532993138,9,80,79,1691,20738000,12
29,1421407847,532993138,1,80,79,1691,20499000,0
29,1421407847,532993138,5,80,79,1691,20076000,0
29,1421407847,532993138,12,80,78,1216,21350000,9
29,1421407847,532993138,11,80,81,1950,21634000,3
30,1421407847,532993138,4,80,79,1232,21116000,0
30,1421407847,532993138,10,80,81,1822,20992000,2
30,1421407847,532993138,62,80,79,2024,19758000,0
30,1421407847,550992907,57,80,81,1765,19528000,0
30,1421407847,550992907,52,80,79,1315,19174000,0
31,1421407847,551992894,55,80,81,1733,18240000,0
31,1421407847,551992894,50,80,79,2024,20109000,0
31,1421407847,551992894,59,80,81,1733,19714000,0
31,1421407847,551992894,54,80,79,2024,18575000,0
31,1421407847,551992894,53,80,81,1765,20028000,0
32,1421407847,551992894,58,80,79,2024,18606000,0
32,1421407847,551992894,51,80,80,1739,19258000,0
32,1421407847,551992894,61,80,81,1765,19968000,0
32,1421407847,551992894,60,80,79,1315,20440000,6
32,1421407847,551992894,56,80,79,1289,20590001,12
33,1421407847,551992894,7,80,80,1977,19619000,0
33,1421407847,551992894,6,80,80,1802,20771000,6
33,1421407847,551992894,8,80,78,1216,19391000,0
33,1421407847,552992881,2,80,80,1802,20240000,0
33,1421407847,552992881,5,80,79,1691,20425000,22
34,1421407847,552992881,9,80,79,1691,20992000,3
34,1421407847,552992881,12,80,79,1216,19953000,0
34,1421407847,552992881,11,80,81,1950,20043000,0
34,1421407847,552992881,4,80,78,1216,20124000,0
34,1421407847,552992881,10,80,81,1822,20923000,4
35,1421407847,552992881,1,80,79,1691,20783000,0
35,1421407847,552992881,3,80,80,1977,20887000,0
35,1421407847,552992881,57,80,81,1765,18716000,0
35,1421407847,570992649,62,80,79,2024,19283001,0
35,1421407847,570992649,52,80,79,1315,19923000,0
36,1421407847,570992649,59,80,81,1733,19764000,0
36,1421407847,571992636,53,80,81,1765,18652000,0
36,1421407847,571992636,54,80,79,2024,19457001,0
36,1421407847,571992636,58,80,79,2024,19295000,0
36,1421407847,571992636,51,80,81,1755,19216001,0
37,1421407847,571992636,61,80,81,1765,18413000,0
37,1421407847,571992636,55,80,81,1740,18790000,0
37,1421407847,571992636,60,80,79,1315,20332000,1
37,1421407847,571992636,56,80,79,1289,20460000,1
37,1421407847,571992636,50,80,79,2024,20379000,0
38,1421407847,571992636,7,80,80,1977,20786000,9
38,1421407847,571992636,6,80,80,1802,20146000,0
38,1421407847,571992636,8,80,79,1216,20062000,0
38,1421407847,572992623,9,80,79,1691,19924000,0
38,1421407847,572992623,12,80,79,1216,20924000,6
39,1421407847,572992623,5,80,79,1691,20463000,0
39,1421407847,572992623,2,80,80,1802,21253000,3
39,1421407847,572992623,10,80,81,1835,21531000,12
39,1421407847,572992623,3,80,80,1977,21095000,11
39,1421407847,572992623,11,80,83,1985,20351000,0
40,1421407847,572992623,1,80,79,1691,20190000,0
40,1421407847,572992623,4,80,79,1216,20938000,10
40,1421407847,572992623,62,80,79,2024,19733000,0
40,1421407847,591992379,57,80,81,1765,19999000,0
40,1421407847,591992379,52,80,79,1315,19483001,0
41,1421407847,591992379,53,80,81,1765,19464000,0
41,1421407847,591992379,61,80,81,1765,19787000,0
41,1421407847,591992379,54,80,79,2024,20125000,0
41,1421407847,591992379,58,80,78,2009,19275000,0
41,1421407847,591992379,55,80,81,1740,20088000,0
42,1421407847,591992379,60,80,79,1315,20338000,5
42,1421407847,591992379,51,80,81,1755,19990001,0
42,1421407847,591992379,56,80,79,1289,20241001,0
42,1421407847,591992379,59,80,81,1733,19901000,0
42,1421407847,592992366,50,80,79,2024,19957000,0
43,1421407847,592992366,7,80,80,1977,19726000,0
43,1421407847,592992366,6,80,81,1822,20194000,0
43,1421407847,592992366,9,80,79,1691,19515000,0
43,1421407847,592992366,5,80,79,1691,20026000,0
43,1421407847,592992366,2,80,81,1822,19684000,0
44,1421407847,592992366,12,80,78,1197,21075000,1
44,1421407847,592992366,10,80,81,1835,19978000,0
44,1421407847,592992366,11,80,82,1985,20802000,12
44,1421407847,592992366,1,80,79,1691,20009000,0
44,1421407847,592992366,8,80,79,1216,20494000,0
45,1421407847,592992366,3,80,80,1977,20421000,0
45,1421407847,592992366,4,80,79,1216,21125000,5
45,1421407847,593992353,62,80,79,2024,19335001,0
45,1421407847,611992121,52,80,79,1306,19493001,0
45,1421407847,611992121,57,80,81,1765,19955001,0
46,1421407847,611992121,53,80,81,1765,19517001,0
46,1421407847,611992121,54,80,79,2024,19817001,0
46,1421407847,611992121,61,80,81,1765,19981001,0
46,1421407847,612992108,58,80,79,2009,19934000,0
46,1421407847,612992108,51,80,81,1755,20644001,6
47,1421407847,612992108,55,80,81,1740,20086001,0
47,1421407847,612992108,59,80,81,1733,20970001,5
47,1421407847,612992108,56,80,79,1288,20321001,0
47,1421407847,612992108,50,80,78,2009,20559001,5
47,1421407847,612992108,60,80,79,1306,19479001,0
48,1421407847,612992108,6,80,81,1822,20198000,0
48,1421407847,612992108,5,80,79,1691,20440000,11
48,1421407847,619992018,9,80,79,1691,20303000,2
48,1421407847,619992018,7,80,79,1974,20225001,0
48,1421407847,619992018,12,80,79,1197,19796001,0
49,1421407847,619992018,11,80,81,1985,21159001,3
49,1421407847,619992018,8,80,78,1197,20102000,0
49,1421407847,619992018,1,80,79,1691,21026000,18
49,1421407847,619992018,2,80,81,1822,20672000,8
49,1421407847,619992018,10,80,81,1835,21438000,8
50,1421407847,620992005,3,80,79,1974,20183000,0
50,1421407847,620992005,4,80,78,1197,20075001,0
50,1421407847,620992005,54,80,78,2009,19602001,0
50,1421407847,631991864,61,80,81,1765,19786001,0
50,1421407847,632991851,53,80,81,1765,19665001,0
51,1421407847,632991851,58,80,79,2009,19535001,0
51,1421407847,632991851,51,80,81,1755,20024001,0
51,1421407847,632991851,56,80,79,1288,19901001,0
51,1421407847,632991851,55,80,80,1739,19748001,0
51,1421407847,632991851,52,80,79,1306,19925001,0
52,1421407847,632991851,62,80,79,2024,19470001,0
52,1421407847,633991838,57,80,81,1765,20326001,0
52,1421407847,633991838,50,80,79,2009,20454001,5
52,1421407847,633991838,59,80,81,1740,19508000,0
52,1421407847,633991838,60,80,79,1306,20603001,0
53,1421407847,633991838,5,80,79,1691,20214001,0
53,1421407847,633991838,9,80,79,1691,20853001,14
53,1421407847,633991838,7,80,79,1974,20906001,6
53,1421407847,633991838,8,80,79,1197,20344001,13
53,1421407847,633991838,12,80,79,1197,20611001,5
54,1421407847,634991825,6,80,81,1822,20551000,0
54,1421407847,634991825,1,80,79,1691,20482000,1
54,1421407847,634991825,2,80,81,1822,21302000,8
54,1421407847,634991825,10,80,81,1835,19991000,0
54,1421407847,634991825,4,80,79,1197,20139000,0
55,1421407847,634991825,3,80,79,1974,20435001,4
55,1421407847,634991825,11,80,81,1985,20482000,0
55,1421407847,634991825,53,80,81,1765,19906001,0
55,1421407847,652991593,58,80,79,2009,18871001,0
55,1421407847,652991593,61,80,81,1765,19137001,0
56,1421407847,652991593,51,80,81,1761,19769001,0
56,1421407847,652991593,52,80,79,1306,20266001,0
56,1421407847,652991593,62,80,78,2009,19731001,0
56,1421407847,652991593,56,80,79,1288,20051001,0
56,1421407847,652991593,55,80,80,1739,20067001,0
57,1421407847,652991593,59,80,81,1740,19418001,0
57,1421407847,652991593,50,80,79,2009,19740001,0
57,1421407847,653991581,54,80,79,2009,19809001,0
57,1421407847,653991581,60,80,79,1306,20392001,0
57,1421407847,653991581,57,80,81,1765,20110001,0
58,1421407847,653991581,7,80,79,1974,20003001,0
58,1421407847,653991581,9,80,79,1691,19966001,0
58,1421407847,653991581,5,80,79,1691,21063001,7
58,1421407847,653991581,1,80,79,1691,21075001,2
58,1421407847,653991581,2,80,81,1835,20276001,0
59,1421407847,653991581,10,80,80,1832,21052000,18
59,1421407847,653991581,6,80,81,1835,21373001,6
59,1421407847,653991581,4,80,79,1197,20620001,1
59,1421407847,653991581,3,80,79,1974,20835001,8
59,1421407847,653991581,12,80,77,1171,21644000,8
60,1421407847,654991568,11,80,80,1977,20952001,7
60,1421407847,654991568,8,80,79,1197,21142001,1
60,1421407847,654991568,52,80,77,1285,19364001,0
60,1421407847,672991336,51,80,81,1761,19570001,0
60,1421407847,672991336,53,80,81,1765,19641001,0
61,1421407847,672991336,56,80,79,1282,19893001,0
61,1421407847,672991336,62,80,79,2009,19732001,0
61,1421407847,673991323,61,80,81,1765,19179001,0
61,1421407847,673991323,50,80,79,2009,20181001,0
61,1421407847,673991323,58,80,77,1985,18978001,0
62,1421407847,673991323,59,80,81,1740,20103001,0
62,1421407847,673991323,54,80,79,2009,19418001,0
62,1421407847,673991323,60,80,77,1285,19137001,0
62,1421407847,673991323,55,80,80,1739,19437001,0
62,1421407847,673991323,57,80,81,1765,20011001,0
63,1421407847,673991323,7,80,79,1971,20063001,0
63,1421407847,673991323,2,80,81,1835,19821001,0
63,1421407847,673991323,6,80,81,1835,19674001,0
63,1421407847,673991323,3,80,79,1971,20113001,0
63,1421407847,673991323,9,80,79,1691,20380001,0
64,1421407847,674991310,11,80,80,1977,20108001,0
64,1421407847,674991310,4,80,77,1171,21287001,18
64,1421407847,674991310,5,80,79,1691,21330000,1
64,1421407847,674991310,10,80,80,1832,20648001,0
64,1421407847,674991310,1,80,79,1691,20518001,0
65,1421407847,674991310,12,80,78,1171,20375001,0
65,1421407847,674991310,8,80,77,1171,21687001,2
65,1421407847,674991310,52,80,78,1285,19414001,0
65,1421407847,692991078,53,80,81,1765,20055001,0
65,1421407847,692991078,56,80,79,1282,19888001,0
66,1421407847,693991066,62,80,79,2009,19035001,0
66,1421407847,693991066,59,80,80,1739,19858001,0
66,1421407847,693991066,54,80,79,2009,19883001,0
66,1421407847,693991066,58,80,78,1985,19475001,0
66,1421407847,693991066,50,80,77,1985,20097001,0
67,1421407847,693991066,51,80,81,1761,19940001,0
67,1421407847,693991066,60,80,78,1285,19055001,0
67,1421407847,693991066,57,80,81,1765,19834001,0
67,1421407847,693991066,55,80,81,1755,20357001,0
67,1421407847,693991066,61,80,81,1765,20376001,0
68,1421407847,693991066,7,80,79,1971,19950001,0
68,1421407847,694991053,6,80,81,1835,19972001,0
68,1421407847,694991053,2,80,81,1835,19890001,0
68,1421407847,694991053,3,80,79,1971,20808001,20
68,1421407847,694991053,5,80,79,1691,20000001,0
69,1421407847,694991053,11,80,80,1977,20469001,3
69,1421407847,694991053,4,80,78,1171,20026001,0
69,1421407847,694991053,1,80,79,1691,20923001,3
69,1421407847,694991053,12,80,79,1171,20105001,0
69,1421407847,694991053,10,80,80,1832,21376001,7
70,1421407847,694991053,8,80,78,1171,20529001,1
70,1421407847,694991053,9,80,79,1691,21212001,7
70,1421407847,694991053,52,80,79,1285,19722001,0
70,1421407847,713990808,62,80,79,2009,20422001,1
70,1421407847,713990808,53,80,81,1765,19497001,0
71,1421407847,713990808,59,80,80,1739,19733001,0
71,1421407847,713990808,54,80,77,1985,19480001,0
71,1421407847,713990808,58,80,79,1985,20013001,0
71,1421407847,713990808,50,80,78,1985,20200001,0
71,1421407847,713990808,56,80,79,1282,19844001,0
72,1421407847,713990808,60,80,79,1285,18820001,0
72,1421407847,713990808,51,80,81,1773,19364001,0
72,1421407847,713990808,55,80,81,1755,19209001,0
72,1421407847,714990795,61,80,81,1765,20871001,1
72,1421407847,714990795,57,80,81,1765,20362001,0
73,1421407847,714990795,3,80,79,1971,19888001,0
73,1421407847,714990795,2,80,81,1835,20087001,0
73,1421407847,714990795,5,80,79,1691,20409001,1
73,1421407847,714990795,11,80,79,1974,20630001,9
73,1421407847,714990795,6,80,81,1835,20608001,10
74,1421407847,714990795,1,80,79,1691,19939001,0
74,1421407847,714990795,12,80,79,1171,19877001,0
74,1421407847,714990795,10,80,79,1819,19944001,0
74,1421407847,715990782,7,80,79,1971,20740001,8
74,1421407847,715990782,8,80,79,1171,20306001,6
75,1421407847,715990782,4,80,79,1171,21479001,8
75,1421407847,715990782,9,80,79,1691,20142001,0
75,1421407847,715990782,54,80,78,1985,19749001,0
75,1421407847,734990538,52,80,79,1285,19486001,0
75,1421407847,734990538,56,80,79,1282,19992001,0
76,1421407847,734990538,50,80,79,1985,20188001,0
76,1421407847,734990538,62,80,77,1985,19835001,0
76,1421407847,734990538,59,80,80,1739,20338001,0
76,1421407847,735990525,51,80,81,1773,19907001,0
76,1421407847,735990525,61,80,81,1765,20320001,0
77,1421407847,735990525,60,80,79,1285,19888001,0
77,1421407847,735990525,58,80,77,1962,19881001,0
77,1421407847,735990525,53,80,81,1765,20746001,0
77,1421407847,735990525,2,80,80,1832,20185001,0
77,1421407847,735990525,3,80,79,1971,20757001,4
78,1421407847,735990525,57,80,81,1765,21097001,1
78,1421407847,735990525,5,80,79,1691,20869001,3
78,1421407847,735990525,11,80,79,1974,20880001,2
78,1421407847,735990525,55,80,81,1755,20593001,0
78,1421407847,735990525,1,80,79,1691,20413001,1
79,1421407847,736990512,6,80,80,1832,19970001,0
79,1421407847,736990512,12,80,78,1160,20646001,17
79,1421407847,736990512,7,80,79,1971,20303001,0
79,1421407847,736990512,8,80,79,1171,20092001,0
79,1421407847,736990512,10,80,79,1819,20177001,0
80,1421407847,736990512,4,80,79,1171,21150001,3
80,1421407847,736990512,9,80,79,1691,20050001,0
80,1421407847,736990512,52,80,79,1289,18806001,0
80,1421407847,755990267,54,80,79,1985,19051001,0
80,1421407847,755990267,56,80,79,1289,19649001,0
81,1421407847,755990267,50,80,77,1962,19931001,0
81,1421407847,755990267,51,80,81,1773,20187001,0
81,1421407847,755990267,61,80,81,1765,20162001,0
81,1421407847,755990267,58,80,78,1962,19197001,0
81,1421407847,755990267,60,80,79,1289,20257001,0
82,1421407847,756990254,59,80,81,1755,20239001,0
82,1421407847,756990254,53,80,81,1765,20186001,0
82,1421407847,756990254,57,80,81,1765,20911001,1
82,1421407847,756990254,2,80,80,1832,20354001,0
82,1421407847,756990254,11,80,79,1974,20789001,3
83,1421407847,756990254,55,80,81,1755,20167001,0
83,1421407847,756990254,12,80,79,1160,20017001,0
83,1421407847,756990254,7,80,78,1955,20601001,15
83,1421407847,756990254,1,80,70,1592,19840001,0
83,1421407847,757990242,10,80,79,1819,20889001,8
84,1421407847,757990242,6,80,80,1832,19915001,0
84,1421407847,757990242,8,80,78,1160,21268001,9
84,1421407847,757990242,9,80,79,1691,21196001,16
84,1421407847,757990242,4,80,78,1160,20702001,3
84,1421407847,757990242,3,80,78,1955,21015001,1
85,1421407847,757990242,62,80,78,1985,21568001,0
85,1421407847,757990242,5,80,79,1691,21404001,6
85,1421407847,757990242,52,80,79,1289,19298001,0
85,1421407847,775990010,50,80,78,1962,20369001,1
85,1421407847,775990010,56,80,79,1289,19846001,0
86,1421407847,775990010,51,80,81,1788,19787001,0
86,1421407847,775990010,58,80,79,1962,19267001,0
86,1421407847,775990010,60,80,79,1289,20515001,1
86,1421407847,775990010,61,80,81,1765,19567001,0
86,1421407847,775990010,54,80,77,1962,19168001,0
87,1421407847,775990010,59,80,81,1755,20938001,1
87,1421407847,776989997,53,80,81,1765,20054001,0
87,1421407847,776989997,57,80,81,1765,20776001,3
87,1421407847,776989997,55,80,81,1761,20696001,7
87,1421407847,776989997,12,80,79,1160,19625001,0
88,1421407847,776989997,10,80,79,1818,20971001,5
88,1421407847,776989997,8,80,79,1160,19871001,0
88,1421407847,776989997,9,80,79,1691,20739001,8
88,1421407847,776989997,6,80,80,1832,20467001,3
88,1421407847,776989997,2,80,80,1832,20410001,0
89,1421407847,776989997,3,80,79,1955,21102001,7
89,1421407847,776989997,1,80,71,1592,20142001,0
89,1421407847,776989997,4,80,79,1160,20220001,0
89,1421407847,776989997,7,80,79,1955,21214001,1
89,1421407847,777989984,5,80,79,1691,21445001,3
90,1421407847,777989984,62,80,79,1985,20190001,0
90,1421407847,777989984,11,80,79,1971,21635001,1
90,1421407847,777989984,50,80,79,1962,20019001,0
90,1421407847,795989752,56,80,79,1289,20206001,0
90,1421407847,795989752,52,80,79,1289,20227001,0
91,1421407847,795989752,51,80,81,1788,19831001,0
91,1421407847,795989752,54,80,78,1962,20117001,0
91,1421407847,795989752,58,80,77,1935,19694001,0
91,1421407847,796989740,60,80,79,1289,19105001,0
91,1421407847,796989740,61,80,81,1765,20084001,0
92,1421407847,796989740,59,80,81,1755,19614001,0
92,1421407847,796989740,53,80,81,1765,19949001,0
92,1421407847,796989740,57,80,81,1765,20831001,2
92,1421407847,796989740,55,80,81,1761,19962001,0
92,1421407847,796989740,12,80,79,1163,20095001,0
93,1421407847,796989740,10,80,79,1818,19859001,0
93,1421407847,796989740,8,80,79,1160,19454001,0
93,1421407847,796989740,4,80,79,1160,20431001,2
93,1421407847,796989740,1,80,72,1592,20220001,0
93,1421407847,796989740,7,80,79,1955,20037001,0
94,1421407847,797989727,5,80,79,1691,19918001,0
94,1421407847,797989727,6,80,79,1819,21046001,17
94,1421407847,797989727,62,80,77,1962,20889001,2
94,1421407847,797989727,3,80,79,1955,20478001,2
94,1421407847,797989727,2,80,79,1819,20723001,0
95,1421407847,797989727,11,80,79,1971,294001,0
95,1421407847,797989727,9,80,79,1691,20766001,0
95,1421407847,797989727,52,80,79,1288,19969001,0
95,1421407847,815989495,51,80,81,1788,19537001,0
95,1421407847,815989495,56,80,79,1287,19501001,0
96,1421407847,816989482,60,80,79,1288,19444001,0
96,1421407847,816989482,58,80,78,1935,19962001,0
96,1421407847,816989482,54,80,79,1962,19866001,0
96,1421407847,816989482,61,80,81,1765,19551001,0
96,1421407847,816989482,59,80,81,1755,19878001,0
97,1421407847,816989482,50,80,77,1935,20357001,0
97,1421407847,816989482,53,80,81,1765,20161001,0
97,1421407847,816989482,57,80,81,1765,20356001,3
97,1421407847,816989482,55,80,81,1761,19922001,0
97,1421407847,816989482,12,80,79,1163,19807001,0
98,1421407847,816989482,4,80,79,1163,20896001,13
98,1421407847,816989482,7,80,79,1962,20013001,0
98,1421407847,817989469,8,80,79,1163,20864001,1
98,1421407847,817989469,5,80,79,1691,20256001,2
98,1421407847,817989469,1,80,73,1592,20191001,0
99,1421407847,817989469,6,80,79,1819,19806001,0
99,1421407847,817989469,62,80,78,1962,20124001,0
99,1421407847,817989469,3,80,79,1962,20136001,0
99,1421407847,817989469,2,80,79,1819,20076001,0
99,1421407847,817989469,11,80,79,1971,20412001,11
100,1421407847,817989469,9,80,79,1691,20066001,0
100,1421407847,817989469,10,80,79,1818,20387001,0
100,1421407847,817989469,51,80,81,1788,20189001,0
100,1421407847,836989225,60,80,79,1288,19404001,0
100,1421407847,836989225,58,80,79,1935,19714001,0
101,1421407847,836989225,52,80,79,1288,20486001,0
101,1421407847,836989225,61,80,81,1765,20314001,0
101,1421407847,836989225,54,80,77,1935,19649001,0
101,1421407847,836989225,59,80,81,1761,19417001,0
101,1421407847,836989225,57,80,81,1765,19656001,0
102,1421407847,836989225,50,80,78,1935,20144001,0
102,1421407847,837989212,53,80,81,1765,20181001,0
102,1421407847,837989212,7,80,79,1962,20966001,15
102,1421407847,837989212,4,80,79,1163,19754001,0
102,1421407847,837989212,5,80,79,1691,20747001,5
103,1421407847,837989212,55,80,81,1773,20525001,12
103,1421407847,837989212,1,80,74,1592,20799001,5
103,1421407847,837989212,56,80,79,1287,20651001,0
103,1421407847,837989212,62,80,79,1962,20463001,4
103,1421407847,837989212,6,80,79,1819,21009001,10
104,1421407847,838989199,11,80,79,1971,20379001,14
104,1421407847,838989199,12,80,79,1163,20619001,0
104,1421407847,838989199,8,80,79,1163,21032001,1
104,1421407847,838989199,3,80,79,1962,21212001,6
104,1421407847,838989199,2,80,79,1819,20412001,2
105,1421407847,838989199,9,80,79,1691,21088001,20
105,1421407847,838989199,10,80,79,1818,20163001,0
105,1421407847,838989199,60,80,79,1288,20171001,0
105,1421407847,856988967,51,80,82,1810,19663001,0
105,1421407847,856988967,59,80,81,1761,19493001,0
106,1421407847,856988967,54,80,78,1935,20350001,0
106,1421407847,856988967,61,80,81,1765,19625001,0
106,1421407847,856988967,57,80,81,1765,19114001,0
106,1421407847,857988954,50,80,79,1935,19339001,0
106,1421407847,857988954,53,80,81,1765,19968001,0
107,1421407847,857988954,58,80,79,1935,19905001,0
107,1421407847,857988954,52,80,79,1288,20460001,0
107,1421407847,857988954,56,80,79,1287,20471001,0
107,1421407847,857988954,55,80,81,1773,20627001,0
107,1421407847,857988954,62,80,77,1935,19760001,0
108,1421407847,857988954,4,80,79,1163,19517001,0
108,1421407847,857988954,5,80,70,1592,20161001,0
108,1421407847,857988954,1,80,75,1592,21256001,2
108,1421407847,857988954,11,80,78,1955,20111001,0
108,1421407847,857988954,6,80,79,1818,20483001,0
109,1421407847,858988941,3,80,79,1962,21192001,14
109,1421407847,858988941,9,80,79,1691,20482001,0
109,1421407847,858988941,8,80,79,1163,21707001,1
109,1421407847,858988941,7,80,79,1962,20609001,0
109,1421407847,858988941,10,80,81,1844,21570001,20
110,1421407847,858988941,12,80,79,1159,21998001,1
110,1421407847,858988941,2,80,79,1818,21996001,7
110,1421407847,858988941,60,80,79,1282,19792001,0
110,1421407847,876988710,54,80,79,1935,20228001,0
110,1421407847,876988710,61,80,81,1765,20470001,1
111,1421407847,877988697,51,80,81,1810,19929001,0
111,1421407847,877988697,50,80,79,1935,19732001,0
111,1421407847,877988697,53,80,81,1765,20146001,0
111,1421407847,877988697,58,80,78,1919,19225001,0
111,1421407847,877988697,52,80,79,1282,19782001,0
112,1421407847,877988697,57,80,81,1765,19601001,0
112,1421407847,877988697,56,80,78,1268,19746001,0
112,1421407847,877988697,62,80,78,1935,20392001,11
112,1421407847,877988697,59,80,81,1761,19934001,0
112,1421407847,877988697,55,80,81,1773,20736001,5
113,1421407847,877988697,5,80,71,1592,19616001,0
113,1421407847,878988684,4,80,79,1159,19137001,0
113,1421407847,878988684,11,80,79,1955,19483001,0
113,1421407847,878988684,6,80,79,1818,19288001,0
113,1421407847,878988684,1,80,76,1592,19689001,0
114,1421407847,878988684,3,80,79,1954,19574001,0
114,1421407847,878988684,7,80,79,1954,20023001,0
114,1421407847,878988684,8,80,79,1159,20123001,0
114,1421407847,878988684,10,80,81,1844,20098001,0
114,1421407847,878988684,9,80,79,1691,20219001,0
115,1421407847,878988684,12,80,79,1159,19987001,0
115,1421407847,878988684,2,80,79,1818,19961001,0
115,1421407847,878988684,60,80,79,1282,19786001,0
115,1421407847,897988439,54,80,79,1935,20302001,0
115,1421407847,897988439,50,80,78,1919,19663001,0
116,1421407847,897988439,53,80,81,1765,19770001,0
116,1421407847,897988439,58,80,79,1919,20171001,0
116,1421407847,897988439,51,80,81,1810,20339001,0
116,1421407847,897988439,52,80,79,1282,20449001,3
116,1421407847,897988439,57,80,81,1765,20003001,0
117,1421407847,898988426,56,80,79,1268,20405001,4
117,1421407847,898988426,62,80,79,1935,21131001,1
117,1421407847,898988426,55,80,81,1788,20535001,5
117,1421407847,898988426,4,80,79,1159,19951001,0
117,1421407847,898988426,5,80,72,1592,20253001,0
118,1421407847,898988426,61,80,81,1765,20150001,0
118,1421407847,898988426,6,80,79,1818,20527001,8
118,1421407847,898988426,1,80,77,1592,20835001,3
118,1421407847,898988426,11,80,79,1955,20421001,1
118,1421407847,898988426,3,80,79,1954,20455001,18
119,1421407847,899988413,59,80,81,1773,20920001,0
119,1421407847,899988413,10,80,81,1844,19913001,0
119,1421407847,899988413,9,80,70,1592,21069001,1
119,1421407847,899988413,7,80,79,1954,21442001,12
119,1421407847,899988413,8,80,79,1159,21605001,14
120,1421407847,899988413,12,80,79,1159,21663001,17
120,1421407847,899988413,2,80,79,1818,20191001,0
120,1421407847,899988413,50,80,79,1919,20170001,0
120,1421407847,923988104,54,80,78,1919,20497001,2
120,1421407847,923988104,60,80,79,1282,20083001,0
121,1421407847,923988104,53,80,81,1765,19190001,0
121,1421407847,923988104,51,80,81,1818,20512001,5
121,1421407847,923988104,58,80,79,1919,19656001,0
121,1421407847,923988104,57,80,81,1765,20432001,9
121,1421407847,923988104,62,80,79,1935,19233001,0
122,1421407847,923988104,52,80,79,1282,20514001,7
122,1421407847,923988104,56,80,79,1268,20672001,5
122,1421407847,923988104,55,80,81,1788,19882001,0
122,1421407847,924988092,5,80,73,1592,20119001,0
122,1421407847,924988092,4,80,79,1159,19985001,0
123,1421407847,924988092,61,80,81,1765,19877001,0
123,1421407847,924988092,6,80,79,1818,20833001,7
123,1421407847,924988092,1,80,78,1592,20556001,10
123,1421407847,924988092,3,80,79,1954,20044001,0
123,1421407847,924988092,11,80,79,1962,20795001,13
124,1421407847,924988092,59,80,81,1773,21465001,10
124,1421407847,924988092,9,80,71,1592,21231001,13
124,1421407847,924988092,10,80,82,1873,20843001,14
124,1421407847,924988092,7,80,79,1954,21417001,6
124,1421407847,924988092,8,80,79,1159,20158001,0
125,1421407847,924988092,12,80,79,1159,19855001,0
125,1421407847,924988092,2,80,79,1818,20179001,0
125,1421407847,925988079,60,80,79,1282,20329001,0
125,1421407847,937987924,51,80,81,1818,19725001,0
125,1421407847,938987911,53,80,81,1765,20612001,1
126,1421407847,938987911,58,80,79,1914,19642001,0
126,1421407847,938987911,57,80,81,1765,19904001,0
126,1421407847,938987911,56,80,79,1268,19769001,0
126,1421407847,938987911,62,80,78,1919,20474001,2
126,1421407847,938987911,55,80,81,1788,20664001,11
127,1421407847,938987911,52,80,79,1282,20510001,0
127,1421407847,938987911,54,80,79,1919,19960001,0
127,1421407847,939987898,5,80,74,1592,20188001,0
127,1421407847,939987898,6,80,81,1844,20088001,0
127,1421407847,939987898,3,80,79,1954,20235001,1
128,1421407847,939987898,61,80,81,1765,20252001,0
128,1421407847,939987898,1,80,79,1592,20819001,2
128,1421407847,939987898,11,80,79,1962,20124001,0
128,1421407847,939987898,9,80,72,1592,20731001,1
128,1421407847,939987898,4,80,79,1159,20163001,0
129,1421407847,939987898,59,80,81,1773,20003001,0
129,1421407847,939987898,7,80,79,1954,19857001,0
129,1421407847,939987898,12,80,78,1140,20551001,15
129,1421407847,940987886,50,80,79,1919,21711001,1
129,1421407847,940987886,10,80,81,1873,21392001,4
130,1421407847,940987886,8,80,79,1159,21547001,15
130,1421407847,940987886,2,80,81,1844,21599001,19
130,1421407847,940987886,53,80,81,1765,19564001,0
130,1421407847,958987654,58,80,79,1914,19269001,0
130,1421407847,958987654,51,80,81,1818,20108001,0
131,1421407847,958987654,57,80,81,1765,19386001,0
131,1421407847,958987654,56,80,78,1256,19912001,0
131,1421407847,958987654,62,80,79,1919,20124001,0
131,1421407847,958987654,60,80,79,1289,20182001,0
131,1421407847,958987654,52,80,79,1289,19323001,0
132,1421407847,959987641,54,80,79,1919,20138001,0
132,1421407847,959987641,55,80,81,1788,19677001,0
132,1421407847,959987641,6,80,81,1844,20225001,0
132,1421407847,959987641,5,80,75,1592,20607001,2
132,1421407847,959987641,61,80,81,1765,20578001,1
133,1421407847,959987641,59,80,81,1788,20911001,1
133,1421407847,959987641,4,80,78,1140,20927001,1
133,1421407847,959987641,1,80,79,1592,20090001,0
133,1421407847,959987641,9,80,73,1592,20212001,0
133,1421407847,959987641,50,80,79,1914,19749001,0
134,1421407847,960987628,7,80,79,1951,20577001,14
134,1421407847,960987628,12,80,79,1140,21159001,5
134,1421407847,960987628,3,80,79,1951,20484001,0
134,1421407847,960987628,8,80,78,1140,21371001,2
134,1421407847,960987628,10,80,81,1873,21350001,2
135,1421407847,960987628,2,80,81,1844,21008001,1
135,1421407847,960987628,11,80,79,1962,21585001,2
135,1421407847,960987628,51,80,82,1838,19844002,0
135,1421407847,978987396,53,80,81,1765,20067001,0
135,1421407847,978987396,57,80,81,1765,19111001,0
136,1421407847,978987396,56,80,79,1256,20442001,1
136,1421407847,978987396,62,80,79,1919,19482001,0
136,1421407847,979987383,60,80,79,1289,20217001,0
136,1421407847,979987383,58,80,79,1914,19970001,0
136,1421407847,979987383,52,80,79,1289,19658002,0
137,1421407847,979987383,54,80,79,1914,19849002,0
137,1421407847,979987383,55,80,82,1810,19171001,0
137,1421407847,979987383,61,80,81,1765,20724002,10
137,1421407847,979987383,5,80,76,1592,20013001,0
137,1421407847,979987383,59,80,81,1788,20578001,14
138,1421407847,979987383,9,80,74,1592,20032001,0
138,1421407847,979987383,50,80,79,1914,20391002,10
138,1421407847,979987383,7,80,79,1951,21000001,5
138,1421407847,979987383,6,80,81,1844,20482001,0
138,1421407847,979987383,4,80,79,1140,20806001,9
139,1421407847,980987371,1,80,79,1592,20508001,0
139,1421407847,980987371,3,80,79,1951,20978001,4
139,1421407847,980987371,10,80,84,1920,21199001,2
139,1421407847,980987371,11,80,79,1954,21338001,5
139,1421407847,980987371,8,80,79,1140,20613001,2
140,1421407847,980987371,2,80,81,1844,20086001,0
140,1421407847,980987371,12,80,79,1140,20673001,0
140,1421407847,980987371,57,80,81,1765,20464002,3
140,1421407847,998987139,56,80,79,1256,19776001,0
140,1421407848,0,62,80,79,1914,19587001,0
141,1421407848,0,60,80,79,1289,20173001,0
141,1421407848,0,54,80,79,1914,19106002,0
141,1421407848,0,58,80,79,1907,19472002,0
141,1421407848,0,52,80,79,1289,19205001,0
141,1421407848,0,51,80,81,1838,20211002,0
142,1421407848,0,55,80,81,1810,19844001,0
142,1421407848,0,61,80,81,1765,19584002,0
142,1421407848,0,59,80,81,1788,19984001,0
142,1421407848,0,50,80,79,1914,19904002,0
142,1421407848,0,9,80,75,1592,19706001,0
143,1421407848,0,6,80,82,1873,20963001,9
143,1421407848,999988,7,80,79,1951,20087001,0
143,1421407848,999988,1,80,79,1592,20116001,0
143,1421407848,999988,5,80,77,1592,20320001,0
143,1421407848,999988,10,80,83,1920,19683001,0
144,1421407848,999988,11,80,79,1954,20086001,0
144,1421407848,999988,8,80,79,1140,21259001,1
144,1421407848,999988,2,80,82,1873,20580001,22
144,1421407848,999988,12,80,78,1127,20885001,2
144,1421407848,999988,53,80,81,1765,20937001,0
145,1421407848,999988,3,80,79,1951,20522001,0
145,1421407848,999988,4,80,79,1140,20648001,0
145,1421407848,999988,57,80,81,1765,20386002,0
145,1421407848,19999743,62,80,79,1914,19717001,0
145,1421407848,19999743,54,80,79,1914,18958002,0
146,1421407848,19999743,58,80,79,1907,19687002,0
146,1421407848,19999743,56,80,79,1253,19625002,0
146,1421407848,19999743,51,80,81,1838,20769002,5
146,1421407848,19999743,61,80,81,1765,20011001,0
146,1421407848,19999743,59,80,81,1788,20431002,8
147,1421407848,19999743,50,80,79,1907,20609002,1
147,1421407848,20999730,9,80,76,1592,19835001,0
147,1421407848,20999730,7,80,79,1959,20093001,0
147,1421407848,20999730,1,80,79,1592,20469002,5
147,1421407848,20999730,6,80,81,1873,19594001,0
148,1421407848,20999730,10,80,82,1920,20912002,1
148,1421407848,20999730,8,80,78,1127,21097002,1
148,1421407848,20999730,11,80,79,1954,19718001,0
148,1421407848,20999730,12,80,79,1127,21053001,1
148,1421407848,20999730,3,80,79,1959,20786001,8
149,1421407848,20999730,4,80,78,1127,20784001,2
149,1421407848,20999730,5,80,78,1592,21273001,3
149,1421407848,20999730,53,80,81,1765,21332002,1
149,1421407848,21999717,2,80,81,1873,20247001,0
149,1421407848,21999717,55,80,81,1810,20576001,10
150,1421407848,21999717,60,80,79,1287,20925001,3
150,1421407848,21999717,52,80,79,1287,19523001,0
150,1421407848,21999717,58,80,79,1907,19988001,0
150,1421407848,39999486,57,80,81,1765,20541002,2
150,1421407848,39999486,62,80,79,1914,20397002,0
151,1421407848,40999473,56,80,79,1253,19548002,0
151,1421407848,40999473,51,80,81,1838,20394002,0
151,1421407848,40999473,61,80,81,1765,20041002,0
151,1421407848,40999473,59,80,82,1810,20491002,4
151,1421407848,40999473,50,80,79,1907,20524002,8
152,1421407848,40999473,7,80,79,1959,20208001,0
152,1421407848,40999473,9,80,77,1592,19970002,0
152,1421407848,40999473,1,80,79,1592,20819002,7
152,1421407848,40999473,6,80,81,1873,19669001,0
152,1421407848,40999473,10,80,81,1920,20961001,6
153,1421407848,40999473,12,80,79,1127,21101001,4
153,1421407848,40999473,3,80,79,1959,21043001,5
153,1421407848,41999460,4,80,79,1127,20926001,23
153,1421407848,41999460,55,80,81,1818,20990002,0
153,1421407848,41999460,2,80,81,1873,21174001,17
154,1421407848,41999460,53,80,81,1765,20836002,8
154,1421407848,41999460,5,80,79,1592,21286002,1
154,1421407848,41999460,11,80,79,1954,20379002,0
154,1421407848,41999460,60,80,79,1287,21987002,2
154,1421407848,41999460,52,80,79,1287,21036002,0
155,1421407848,41999460,8,80,79,1127,21123001,3
155,1421407848,41999460,54,80,79,1907,21371002,0
155,1421407848,41999460,62,80,79,1907,19294002,0
155,1421407848,60999215,57,80,81,1765,20086002,0
155,1421407848,60999215,56,80,79,1253,20063002,0
156,1421407848,60999215,61,80,81,1765,20498002,1
156,1421407848,60999215,51,80,82,1865,19948002,0
156,1421407848,60999215,59,80,81,1810,20152002,0
156,1421407848,60999215,50,80,79,1907,20396002,1
156,1421407848,60999215,58,80,79,1907,19966002,0
157,1421407848,60999215,9,80,78,1592,20131001,0
157,1421407848,60999215,7,80,79,1959,20720001,1
157,1421407848,60999215,1,80,79,1592,20692002,4
157,1421407848,61999202,12,80,78,1107,21013002,1
157,1421407848,61999202,3,80,79,1959,20145002,0
158,1421407848,61999202,6,80,84,1920,20213002,0
158,1421407848,61999202,2,80,84,1920,21243002,6
158,1421407848,61999202,5,80,79,1592,21207001,15
158,1421407848,61999202,53,80,81,1765,20856002,1
158,1421407848,61999202,55,80,81,1818,20675002,8
159,1421407848,61999202,11,80,79,1951,20600001,10
159,1421407848,61999202,4,80,79,1127,20200002,0
159,1421407848,61999202,60,80,79,1287,20017002,0
159,1421407848,61999202,10,80,83,1952,20970002,1
159,1421407848,61999202,8,80,79,1127,21713001,5
160,1421407848,62999189,54,80,79,1907,20090002,0
160,1421407848,62999189,52,80,79,1287,20780002,3
160,1421407848,62999189,56,80,79,1243,19915002,0
160,1421407848,80998958,61,80,81,1765,18711002,0
160,1421407848,80998958,51,80,81,1865,19713002,0
161,1421407848,80998958,59,80,81,1810,19993002,0
161,1421407848,80998958,62,80,79,1907,19932002,0
161,1421407848,80998958,57,80,81,1765,20273002,0
161,1421407848,80998958,58,80,79,1898,20467002,1
161,1421407848,81998945,50,80,79,1907,20950002,1
162,1421407848,81998945,7,80,77,1932,20313002,0
162,1421407848,81998945,9,80,79,1592,20053002,0
162,1421407848,81998945,12,80,79,1107,20160002,0
162,1421407848,81998945,1,80,79,1592,19844002,0
162,1421407848,81998945,3,80,77,1932,20416002,7
163,1421407848,81998945,53,80,81,1765,20588002,5
163,1421407848,81998945,5,80,79,1592,19799002,0
163,1421407848,81998945,55,80,81,1818,19701002,0
163,1421407848,81998945,6,80,83,1920,19968002,0
163,1421407848,81998945,2,80,83,1920,19772002,0
164,1421407848,81998945,11,80,79,1951,20398001,2
164,1421407848,81998945,60,80,78,1268,20609002,4
164,1421407848,82998932,4,80,78,1107,21213002,13
164,1421407848,82998932,8,80,78,1107,20168002,0
164,1421407848,82998932,10,80,82,1952,20921002,0
165,1421407848,82998932,54,80,79,1907,19793002,0
165,1421407848,82998932,52,80,78,1268,1164002,0
165,1421407848,82998932,59,80,81,1818,20128002,0
165,1421407848,100998700,56,80,79,1243,19868002,0
165,1421407848,100998700,62,80,79,1907,20626002,2
166,1421407848,101998687,51,80,81,1865,19892002,0
166,1421407848,101998687,57,80,81,1765,20369002,0
166,1421407848,101998687,61,80,81,1765,20276002,0
166,1421407848,101998687,50,80,79,1898,20197002,0
166,1421407848,101998687,58,80,79,1898,20344002,0
167,1421407848,101998687,7,80,78,1932,20675002,6
167,1421407848,101998687,9,80,79,1592,20723002,1
167,1421407848,101998687,55,80,82,1838,19999002,0
167,1421407848,101998687,6,80,82,1920,20404002,0
167,1421407848,101998687,53,80,81,1765,19980002,0
168,1421407848,101998687,5,80,79,1592,19566002,0
168,1421407848,101998687,3,80,78,1932,20230002,0
168,1421407848,102998674,1,80,79,1592,20871002,1
168,1421407848,102998674,11,80,79,1951,20883002,8
168,1421407848,102998674,12,80,79,1107,21001002,4
169,1421407848,102998674,60,80,79,1268,20444002,8
169,1421407848,102998674,4,80,79,1107,21252002,3
169,1421407848,102998674,2,80,82,1920,20400002,0
169,1421407848,102998674,10,80,81,1952,20540002,2
169,1421407848,102998674,54,80,79,1907,19975002,0
170,1421407848,102998674,8,80,79,1107,20387002,0
170,1421407848,102998674,52,80,79,1268,20424002,12
170,1421407848,102998674,56,80,79,1243,19869002,0
170,1421407848,121998430,51,80,82,1887,20432002,6
170,1421407848,121998430,62,80,79,1907,20570002,3
171,1421407848,121998430,59,80,81,1818,19965002,0
171,1421407848,121998430,50,80,79,1898,20388002,8
171,1421407848,121998430,57,80,81,1765,20265002,0
171,1421407848,121998430,58,80,79,1898,20749002,2
171,1421407848,121998430,61,80,81,1765,20113002,0
172,1421407848,121998430,53,80,81,1765,20443002,2
172,1421407848,121998430,6,80,81,1920,19759002,0
172,1421407848,121998430,3,80,79,1932,20648002,1
172,1421407848,121998430,5,80,79,1592,19239002,0
172,1421407848,122998417,55,80,81,1838,20396002,2
173,1421407848,122998417,60,80,79,1268,20875002,3
173,1421407848,122998417,1,80,79,1592,19876002,0
173,1421407848,122998417,11,80,79,1959,19707002,0
173,1421407848,122998417,12,80,79,1107,20355002,0
173,1421407848,122998417,9,80,79,1592,20581002,0
174,1421407848,122998417,10,80,81,1970,19770002,0
174,1421407848,122998417,8,80,79,1107,21399002,2
174,1421407848,122998417,54,80,79,1898,20828002,14
174,1421407848,122998417,7,80,79,1932,20763002,0
174,1421407848,122998417,52,80,79,1268,20113002,0
175,1421407848,122998417,4,80,79,1107,19908002,0
175,1421407848,122998417,2,80,81,1920,19925002,0
175,1421407848,123998404,56,80,79,1243,19940002,0
175,1421407848,141998172,62,80,79,1898,19948002,0
175,1421407848,141998172,59,80,81,1818,20631002,1
176,1421407848,141998172,50,80,79,1898,20261002,0
176,1421407848,141998172,57,80,81,1765,20479002,0
176,1421407848,141998172,58,80,78,1882,20329002,4
176,1421407848,142998159,51,80,81,1887,20487002,0
176,1421407848,142998159,53,80,81,1765,20653002,1
177,1421407848,142998159,5,80,79,1592,19786002,0
177,1421407848,142998159,55,80,81,1838,20014002,0
177,1421407848,142998159,3,80,79,1932,20727002,4
177,1421407848,142998159,6,80,83,1952,19924002,0
177,1421407848,142998159,60,80,79,1268,20842002,7
178,1421407848,142998159,61,80,81,1765,20638002,0
178,1421407848,142998159,11,80,79,1959,20156002,0
178,1421407848,142998159,1,80,79,1592,20428002,0
178,1421407848,142998159,7,80,79,1932,21269002,2
178,1421407848,142998159,10,80,81,1970,20458002,4
179,1421407848,143998147,52,80,79,1268,20531002,7
179,1421407848,143998147,8,80,79,1107,19844002,0
179,1421407848,143998147,54,80,79,1898,20014002,0
179,1421407848,143998147,4,80,79,1107,20743002,20
179,1421407848,143998147,9,80,79,1592,20003002,0
180,1421407848,143998147,12,80,77,1078,21515002,1
180,1421407848,143998147,2,80,83,1952,21010002,3
180,1421407848,143998147,59,80,82,1838,18094002,0
180,1421407848,161997915,62,80,79,1898,18769002,0
180,1421407848,161997915,57,80,81,1765,19575002,0
181,1421407848,161997915,50,80,78,1882,18538002,0
181,1421407848,161997915,58,80,79,1882,19824002,0
181,1421407848,161997915,51,80,81,1887,20310002,0
181,1421407848,162997902,53,80,81,1765,20582002,7
181,1421407848,162997902,56,80,79,1246,19970002,0
182,1421407848,162997902,55,80,81,1838,20519002,1
182,1421407848,162997902,60,80,78,1256,18474002,0
182,1421407848,162997902,3,80,76,1900,19450002,0
182,1421407848,162997902,5,80,79,1592,19706002,0
182,1421407848,162997902,6,80,82,1952,20245002,0
183,1421407848,162997902,61,80,81,1765,19765002,0
183,1421407848,162997902,11,80,79,1959,20313002,0
183,1421407848,162997902,1,80,72,1520,20066002,0
183,1421407848,162997902,52,80,78,1256,20142002,0
183,1421407848,162997902,7,80,76,1900,19881002,0
184,1421407848,162997902,8,80,77,1078,20989002,1
184,1421407848,163997889,10,80,81,1970,20479002,17
184,1421407848,163997889,4,80,77,1078,21135002,1
184,1421407848,163997889,54,80,79,1898,20619002,1
184,1421407848,163997889,12,80,78,1078,21301002,1
185,1421407848,163997889,2,80,82,1952,20519002,2
185,1421407848,163997889,9,80,79,1592,20149002,0
185,1421407848,163997889,50,80,79,1882,18989002,0
185,1421407848,182997644,59,80,81,1838,18971002,0
185,1421407848,182997644,57,80,81,1765,19327002,0
186,1421407848,182997644,53,80,81,1765,20163002,0
186,1421407848,182997644,56,80,79,1246,19545002,0
186,1421407848,182997644,51,80,82,1909,20102002,0
186,1421407848,182997644,55,80,82,1865,20715002,8
186,1421407848,183997632,60,80,79,1256,18989002,0
187,1421407848,183997632,58,80,79,1882,20020002,0
187,1421407848,183997632,61,80,81,1765,19677002,0
187,1421407848,183997632,62,80,79,1898,20929002,0
187,1421407848,183997632,3,80,77,1900,19808002,0
187,1421407848,183997632,5,80,79,1592,19388002,0
188,1421407848,183997632,6,80,81,1952,20055002,0
188,1421407848,183997632,52,80,79,1256,20788002,14
188,1421407848,183997632,8,80,78,1078,19723002,0
188,1421407848,183997632,11,80,77,1932,20829002,1
188,1421407848,184997619,7,80,77,1900,20484002,3
189,1421407848,184997619,54,80,78,1882,20531002,9
189,1421407848,184997619,12,80,79,1078,21211002,1
189,1421407848,184997619,2,80,81,1952,20800002,20
189,1421407848,184997619,4,80,78,1078,20036002,0
189,1421407848,184997619,9,80,79,1592,20093002,0
190,1421407848,184997619,1,80,73,1520,21158002,2
190,1421407848,184997619,10,80,81,1983,21680002,1
190,1421407848,184997619,53,80,81,1765,20022002,0
190,1421407848,202997387,57,80,81,1765,20542002,5
190,1421407848,202997387,59,80,81,1838,20356002,0
191,1421407848,202997387,50,80,79,1882,19204002,0
191,1421407848,202997387,56,80,79,1246,19686002,0
191,1421407848,202997387,55,80,81,1865,20023002,0
191,1421407848,202997387,60,80,79,1256,20149002,0
191,1421407848,203997374,51,80,81,1909,20302002,0
192,1421407848,203997374,58,80,76,1848,20884002,3
192,1421407848,203997374,62,80,78,1882,19740002,0
192,1421407848,203997374,61,80,81,1765,20964002,8
192,1421407848,203997374,52,80,79,1256,19461002,0
192,1421407848,203997374,3,80,78,1900,20166002,0
193,1421407848,203997374,5,80,79,1592,20079002,0
193,1421407848,203997374,12,80,79,1078,21048002,4
193,1421407848,204997361,8,80,79,1078,20252002,0
193,1421407848,204997361,11,80,78,1932,19731002,0
193,1421407848,204997361,54,80,79,1882,20719002,13
194,1421407848,204997361,7,80,78,1900,20561002,5
194,1421407848,204997361,2,80,81,1970,20064002,0
194,1421407848,204997361,4,80,79,1078,20221002,0
194,1421407848,204997361,9,80,79,1592,20182002,0
194,1421407848,204997361,1,80,74,1520,20009002,0
195,1421407848,204997361,10,80,81,1983,21504002,1
195,1421407848,204997361,6,80,81,1970,20538002,0
195,1421407848,205997348,53,80,81,1765,19574002,0
195,1421407848,222997129,50,80,76,1848,19132002,0
195,1421407848,222997129,59,80,81,1838,19659002,0
196,1421407848,222997129,60,80,79,1253,19427002,0
196,1421407848,222997129,62,80,79,1882,20808002,9
196,1421407848,223997117,57,80,81,1765,20127002,0
196,1421407848,223997117,51,80,81,1909,19737002,0
196,1421407848,223997117,55,80,81,1865,19750002,0
197,1421407848,223997117,3,80,76,1871,19744002,0
197,1421407848,223997117,5,80,79,1592,19822002,0
197,1421407848,223997117,61,80,81,1765,19739002,0
197,1421407848,223997117,58,80,77,1848,20051002,0
197,1421407848,223997117,56,80,79,1249,20100002,0
198,1421407848,223997117,2,80,81,1970,19872002,0
198,1421407848,223997117,8,80,79,1078,19598002,0
198,1421407848,223997117,12,80,79,1078,20356002,0
198,1421407848,223997117,4,80,79,1078,20499002,23
198,1421407848,223997117,7,80,76,1871,20620002,0
199,1421407848,224997104,52,80,79,1253,20360002,3
199,1421407848,224997104,9,80,79,1592,19813002,0
199,1421407848,224997104,11,80,79,1932,20706002,0
199,1421407848,224997104,54,80,79,1882,19904002,0
199,1421407848,224997104,6,80,81,1970,20107002,0
200,1421407848,224997104,10,80,81,1983,20406002,0
200,1421407848,224997104,1,80,75,1520,20626002,0
200,1421407848,224997104,53,80,81,1765,19131000,0
200,1421407848,242996872,60,80,79,1253,19649000,0
200,1421407848,243996859,50,80,77,1848,20111000,0
201,1421407848,243996859,59,80,82,1865,20307000,0
201,1421407848,243996859,57,80,81,1765,20603000,0
201,1421407848,243996859,51,80,81,1909,20203000,0
201,1421407848,243996859,62,80,79,1882,20436000,0
201,1421407848,243996859,55,80,82,1887,20268000,0
202,1421407848,243996859,3,80,77,1871,19928002,0
202,1421407848,243996859,58,80,78,1848,20615000,0
202,1421407848,243996859,61,80,81,1765,20309000,0
202,1421407848,243996859,56,80,79,1249,21202000,1
202,1421407848,243996859,5,80,79,1592,20152002,0
203,1421407848,244996846,4,80,79,1078,19942002,0
203,1421407848,244996846,8,80,79,1078,20091002,0
203,1421407848,244996846,52,80,79,1253,21240000,10
203,1421407848,244996846,9,80,79,1592,19932002,0
203,1421407848,244996846,6,80,81,1970,20968002,24
204,1421407848,244996846,7,80,77,1871,21400002,1
204,1421407848,244996846,54,80,76,1848,20650000,0
204,1421407848,244996846,10,80,81,1983,20064002,0
204,1421407848,244996846,1,80,76,1520,20197002,0
204,1421407848,244996846,2,80,81,1970,19859002,0
205,1421407848,244996846,12,80,79,1078,21891002,10
205,1421407848,244996846,11,80,79,1932,21406002,3
205,1421407848,244996846,50,80,78,1848,19690000,0
205,1421407848,263996602,59,80,81,1865,18730000,0
205,1421407848,263996602,57,80,74,1691,19675000,0
206,1421407848,263996602,55,80,81,1887,19567000,0
206,1421407848,263996602,51,80,81,1921,20103000,0
206,1421407848,263996602,60,80,79,1253,19785000,0
206,1421407848,263996602,62,80,76,1848,19090000,0
206,1421407848,264996589,58,80,79,1848,19243000,0
207,1421407848,264996589,53,80,81,1765,18657000,0
207,1421407848,264996589,56,80,79,1249,19176000,0
207,1421407848,264996589,3,80,78,1871,19706002,0
207,1421407848,264996589,61,80,81,1765,19940000,0
207,1421407848,264996589,5,80,72,1520,20470002,0
208,1421407848,264996589,8,80,79,1078,21047002,10
208,1421407848,264996589,4,80,79,1078,20191002,0
208,1421407848,265996576,52,80,79,1253,19272000,0
208,1421407848,265996576,7,80,78,1871,21358002,2
208,1421407848,265996576,9,80,79,1592,20340002,0
209,1421407848,265996576,1,80,77,1520,20797002,19
209,1421407848,265996576,54,80,77,1848,19628000,0
209,1421407848,265996576,10,80,79,1955,20564002,7
209,1421407848,265996576,12,80,78,1064,21621002,1
209,1421407848,265996576,2,80,81,1983,20644002,0
210,1421407848,265996576,11,80,76,1900,20236002,0
210,1421407848,266996563,6,80,81,1983,20382002,0
210,1421407848,266996563,59,80,81,1865,19819000,0
210,1421407848,283996344,55,80,81,1887,19690000,0
210,1421407848,283996344,57,80,75,1691,20056000,0
211,1421407848,283996344,51,80,81,1921,20277000,0
211,1421407848,284996331,60,80,79,1243,20300000,0
211,1421407848,284996331,62,80,77,1848,20045000,0
211,1421407848,284996331,58,80,77,1819,20696000,8
211,1421407848,284996331,53,80,81,1765,20104000,0
212,1421407848,284996331,56,80,78,1232,19867000,0
212,1421407848,284996331,50,80,79,1848,20124000,0
212,1421407848,284996331,61,80,81,1765,20934000,1
212,1421407848,284996331,3,80,75,1839,20301000,0
212,1421407848,284996331,5,80,73,1520,20644000,1
213,1421407848,284996331,8,80,78,1064,20241000,0
213,1421407848,284996331,52,80,79,1243,20149000,0
213,1421407848,285996318,4,80,78,1064,20013000,0
213,1421407848,285996318,7,80,75,1839,20001000,0
213,1421407848,285996318,9,80,79,1592,20453000,8
214,1421407848,285996318,1,80,78,1520,20387000,2
214,1421407848,285996318,12,80,79,1064,19913000,0
214,1421407848,285996318,54,80,78,1848,19889000,0
214,1421407848,285996318,11,80,77,1900,20090000,0
214,1421407848,285996318,6,80,81,1983,21018000,11
215,1421407848,285996318,2,80,81,1983,21231000,18
215,1421407848,285996318,10,80,79,1955,21371000,3
215,1421407848,285996318,59,80,82,1887,19601000,0
215,1421407848,304996074,55,80,82,1909,20517000,2
215,1421407848,304996074,51,80,81,1921,20170000,0
216,1421407848,304996074,60,80,79,1243,19490000,0
216,1421407848,304996074,58,80,78,1819,19875000,0
216,1421407848,304996074,53,80,81,1765,20127000,0
216,1421407848,304996074,56,80,79,1232,19882000,0
216,1421407848,304996074,57,80,76,1691,20892000,1
217,1421407848,304996074,62,80,78,1848,20619000,4
217,1421407848,305996061,61,80,81,1765,21024000,7
217,1421407848,305996061,50,80,77,1819,20765000,10
217,1421407848,305996061,3,80,76,1839,20127000,0
217,1421407848,305996061,52,80,79,1243,20779000,3
218,1421407848,305996061,7,80,76,1839,19603000,0
218,1421407848,305996061,8,80,79,1064,20264000,0
218,1421407848,305996061,9,80,72,1520,20435000,1
218,1421407848,305996061,5,80,74,1520,19863000,0
218,1421407848,305996061,12,80,79,1064,19739000,0
219,1421407848,306996048,1,80,79,1520,20241000,0
219,1421407848,306996048,54,80,79,1848,20416000,5
219,1421407848,306996048,11,80,78,1900,19668000,0
219,1421407848,306996048,4,80,79,1064,20229000,0
219,1421407848,306996048,6,80,81,1983,20175000,0
220,1421407848,306996048,2,80,81,1983,20307000,0
220,1421407848,306996048,10,80,79,1955,20124000,0
220,1421407848,306996048,51,80,82,1950,19660000,0
220,1421407848,325995803,55,80,81,1909,19952000,0
220,1421407848,325995803,58,80,79,1819,19737000,0
221,1421407848,325995803,53,80,81,1765,20104000,0
221,1421407848,325995803,59,80,81,1887,19982000,0
221,1421407848,325995803,57,80,77,1691,20242000,0
221,1421407848,325995803,56,80,79,1232,20565000,8
221,1421407848,325995803,62,80,79,1848,20543000,2
222,1421407848,325995803,61,80,81,1765,19916000,0
222,1421407848,326995791,50,80,78,1819,19909000,0
222,1421407848,326995791,3,80,77,1839,20691000,3
222,1421407848,326995791,12,80,79,1064,19938000,0
222,1421407848,326995791,7,80,77,1839,20295000,0
223,1421407848,326995791,52,80,79,1243,20486000,9
223,1421407848,326995791,60,80,79,1243,20279000,0
223,1421407848,326995791,1,80,79,1520,20136000,0
223,1421407848,326995791,9,80,73,1520,20587000,6
223,1421407848,326995791,5,80,75,1520,20988000,1
224,1421407848,326995791,8,80,79,1064,21100000,1
224,1421407848,326995791,11,80,76,1871,21240000,17
224,1421407848,326995791,6,80,81,1983,19874000,0
224,1421407848,326995791,2,80,81,1983,21135000,19
224,1421407848,326995791,54,80,77,1819,20432000,6
225,1421407848,327995778,10,80,79,1959,994000,0
225,1421407848,327995778,4,80,79,1064,20191000,0
225,1421407848,327995778,57,80,78,1691,19973000,0
225,1421407848,345995546,59,80,81,1887,20215000,0
225,1421407848,345995546,56,80,79,1232,19580000,0
226,1421407848,345995546,58,80,78,1800,19853000,0
226,1421407848,345995546,62,80,77,1819,20439000,0
226,1421407848,345995546,51,80,81,1950,20947000,0
226,1421407848,345995546,61,80,81,1765,21165000,3
226,1421407848,345995546,55,80,81,1909,20556000,0
227,1421407848,345995546,12,80,78,1052,19666000,0
227,1421407848,346995533,3,80,78,1839,20154000,0
227,1421407848,346995533,60,80,79,1243,20503000,0
227,1421407848,346995533,7,80,78,1839,20134000,0
227,1421407848,346995533,53,80,81,1765,20835000,0
228,1421407848,346995533,52,80,79,1243,20295000,0
228,1421407848,346995533,8,80,79,1064,21005000,3
228,1421407848,346995533,11,80,77,1871,19587000,0
228,1421407848,346995533,5,80,76,1520,20931000,3
228,1421407848,346995533,2,80,79,1955,20062000,0
229,1421407848,346995533,1,80,79,1520,20989000,10
229,1421407848,346995533,10,80,79,1959,21100000,20
229,1421407848,346995533,54,80,78,1819,20276000,0
229,1421407848,346995533,9,80,74,1520,20812000,0
229,1421407848,346995533,6,80,79,1955,20780000,18
230,1421407848,347995520,4,80,79,1064,21444000,11
230,1421407848,347995520,50,80,79,1819,21391000,0
230,1421407848,347995520,57,80,79,1691,19420000,0
230,1421407848,365995288,62,80,78,1819,19342000,0
230,1421407848,365995288,59,80,82,1909,19887000,0
231,1421407848,365995288,56,80,78,1216,18868000,0
231,1421407848,366995276,51,80,81,1950,18840000,0
231,1421407848,366995276,58,80,79,1800,19545000,0
231,1421407848,366995276,61,80,74,1691,19811000,0
231,1421407848,366995276,55,80,81,1909,19338000,0
232,1421407848,366995276,60,80,79,1246,20569000,4
232,1421407848,366995276,3,80,78,1833,20668000,5
232,1421407848,366995276,53,80,74,1691,19676000,0
232,1421407848,366995276,7,80,78,1833,20731000,3
232,1421407848,366995276,52,80,79,1246,19208000,0
233,1421407848,366995276,2,80,79,1955,20524000,19
233,1421407848,366995276,8,80,78,1052,21095000,6
233,1421407848,366995276,12,80,79,1052,20565000,0
233,1421407848,366995276,10,80,79,1959,21257000,5
233,1421407848,367995263,54,80,79,1819,20641000,1
234,1421407848,367995263,9,80,75,1520,21289000,4
234,1421407848,367995263,5,80,77,1520,21082000,5
234,1421407848,367995263,1,80,79,1520,20597000,0
234,1421407848,367995263,6,80,79,1955,20289000,0
234,1421407848,367995263,4,80,78,1052,20198000,0
235,1421407848,367995263,50,80,78,1800,20078000,0
235,1421407848,367995263,11,80,78,1871,20715000,0
235,1421407848,367995263,59,80,81,1909,20011000,0
235,1421407848,386995018,57,80,79,1691,19254000,0
235,1421407848,386995018,56,80,79,1216,20295000,0
236,1421407848,386995018,51,80,83,1985,20019000,0
236,1421407848,386995018,61,80,75,1691,19957000,0
236,1421407848,386995018,58,80,79,1800,20220000,0
236,1421407848,386995018,55,80,81,1921,20188000,0
236,1421407848,386995018,60,80,79,1246,20639000,8
237,1421407848,387995005,62,80,79,1819,19262000,0
237,1421407848,387995005,52,80,79,1246,19721000,0
237,1421407848,387995005,53,80,75,1691,20135000,0
237,1421407848,387995005,7,80,79,1833,19838000,0
237,1421407848,387995005,2,80,79,1955,19705000,0
238,1421407848,387995005,12,80,79,1052,20249000,1
238,1421407848,387995005,8,80,79,1052,19559000,0
238,1421407848,387995005,6,80,79,1955,20923000,18
238,1421407848,387995005,1,80,79,1520,20362000,0
238,1421407848,388994992,54,80,78,1800,20786000,5
239,1421407848,388994992,4,80,79,1052,20492000,12
239,1421407848,388994992,3,80,79,1833,20384000,0
239,1421407848,388994992,50,80,79,1800,20783000,14
239,1421407848,388994992,11,80,75,1839,20027000,0
239,1421407848,388994992,10,80,81,1981,20746000,0
240,1421407848,388994992,9,80,76,1520,20235000,0
240,1421407848,388994992,5,80,78,1520,20919000,0
240,1421407848,388994992,59,80,81,1909,19568000,0
240,1421407848,406994761,56,80,79,1216,20276000,0
240,1421407848,406994761,57,80,79,1691,20328000,0
241,1421407848,406994761,51,80,82,1985,19654000,0
241,1421407848,406994761,58,80,79,1791,19567000,0
241,1421407848,406994761,55,80,81,1921,20452000,8
241,1421407848,406994761,52,80,79,1246,20772000,7
241,1421407848,407994748,53,80,76,1691,20737000,8
242,1421407848,407994748,62,80,78,1800,20408000,1
242,1421407848,407994748,7,80,79,1833,19643000,0
242,1421407848,407994748,2,80,79,1959,19473000,0
242,1421407848,407994748,12,80,79,1042,19452000,0
242,1421407848,407994748,8,80,79,1052,20007000,0
243,1421407848,407994748,6,80,79,1959,19961000,0
243,1421407848,407994748,1,80,79,1520,19997000,0
243,1421407848,407994748,4,80,79,1052,20271000,2
243,1421407848,407994748,54,80,79,1800,21113000,8
243,1421407848,407994748,3,80,79,1833,20499000,4
244,1421407848,408994735,50,80,79,1800,20212000,0
244,1421407848,408994735,11,80,76,1839,20375000,2
244,1421407848,408994735,10,80,81,1981,20120000,0
244,1421407848,408994735,9,80,77,1520,20220000,0
244,1421407848,408994735,5,80,79,1520,20077000,0
245,1421407848,408994735,60,80,79,1246,20182000,0
245,1421407848,409994722,61,80,76,1691,19493000,0
245,1421407848,409994722,59,80,81,1909,20095000,0
245,1421407848,426994503,56,80,78,1197,19420000,0
245,1421407848,427994490,51,80,81,1985,19765000,0
246,1421407848,427994490,57,80,79,1691,19814000,0
246,1421407848,427994490,55,80,81,1921,19754000,0
246,1421407848,427994490,58,80,79,1791,20189000,0
246,1421407848,427994490,52,80,79,1249,20193000,0
246,1421407848,427994490,53,80,77,1691,19839000,0
247,1421407848,427994490,62,80,79,1800,20675000,1
247,1421407848,427994490,2,80,79,1959,20253000,0
247,1421407848,428994477,12,80,79,1042,20661000,3
247,1421407848,428994477,7,80,79,1832,20503000,1
247,1421407848,428994477,6,80,79,1959,20596000,10
248,1421407848,428994477,8,80,79,1042,20917000,6
248,1421407848,428994477,4,80,79,1042,20006000,0
248,1421407848,428994477,1,80,79,1520,20900000,1
248,1421407848,428994477,54,80,79,1800,20907000,1
248,1421407848,428994477,3,80,79,1832,20947000,2
249,1421407848,428994477,11,80,77,1839,20440000,16
249,1421407848,428994477,50,80,79,1791,21022000,19
249,1421407848,429994464,10,80,81,1981,21276000,2
249,1421407848,429994464,5,80,79,1520,21287000,2
249,1421407848,429994464,9,80,78,1520,21194000,3
250,1421407848,429994464,60,80,79,1249,23551000,1
250,1421407848,429994464,61,80,77,1691,23274000,0
250,1421407848,429994464,59,80,81,1921,19542000,0
250,1421407848,448994220,58,80,79,1791,19941000,0
250,1421407848,448994220,57,80,79,1691,18754000,0
251,1421407848,449994207,55,80,82,1950,18959000,0
251,1421407848,449994207,52,80,79,1249,18648000,0
251,1421407848,449994207,56,80,79,1197,20195000,0
251,1421407848,450994194,53,80,78,1691,18550000,0
251,1421407848,450994194,51,80,81,1985,18177000,0
252,1421407848,450994194,12,80,79,1042,20611000,5
252,1421407848,451994181,62,80,79,1800,20768000,4
252,1421407848,451994181,4,80,79,1042,19769000,0
252,1421407848,451994181,54,80,79,1791,18871000,0
252,1421407848,452994168,1,80,79,1520,19936000,0
253,1421407848,452994168,50,80,79,1791,20044000,0
253,1421407848,452994168,11,80,78,1839,19904000,0
253,1421407848,453994155,2,80,79,1959,20324000,0
253,1421407848,453994155,7,80,79,1832,20987000,4
253,1421407848,453994155,3,80,79,1832,20602000,12
254,1421407848,454994143,9,80,79,1520,20130000,0
254,1421407848,454994143,10,80,81,1981,21358000,18
254,1421407848,454994143,6,80,79,1959,20990000,4
254,1421407848,455994130,5,80,79,1520,20884000,18
254,1421407848,455994130,8,80,79,1042,20375000,0
255,1421407848,455994130,60,80,79,1249,19848000,0
255,1421407848,455994130,61,80,78,1691,20267000,0
255,1421407848,456994117,58,80,79,1791,20081000,0
255,1421407848,468993962,55,80,81,1950,19850000,0
255,1421407848,468993962,52,80,79,1249,20030000,0
256,1421407848,469993949,59,80,81,1921,19316000,0
256,1421407848,469993949,56,80,79,1197,20018000,0
256,1421407848,469993949,53,80,79,1691,19770000,0
256,1421407848,470993937,62,80,79,1791,21124000,2
256,1421407848,470993937,57,80,79,1691,20611000,0
257,1421407848,471993924,51,80,80,1977,19939000,0
257,1421407848,471993924,12,80,78,1027,20815000,1
257,1421407848,471993924,4,80,79,1042,20784000,1
257,1421407848,472993911,54,80,79,1791,20493000,5
257,1421407848,472993911,50,80,79,1791,19816000,0
258,1421407848,473993898,11,80,78,1833,20164000,0
258,1421407848,473993898,2,80,81,1981,21080000,6
258,1421407848,473993898,7,80,79,1832,21132000,1
258,1421407848,474993885,1,80,79,1520,20781000,16
258,1421407848,474993885,3,80,79,1832,21119000,4
259,1421407848,474993885,9,80,79,1520,20461000,11
259,1421407848,475993872,10,80,81,1986,21274000,1
259,1421407848,475993872,6,80,81,1981,21027000,1
259,1421407848,476993859,5,80,79,1520,21289000,4
259,1421407848,476993859,8,80,79,1042,21370000,2
260,1421407848,477993846,61,80,79,1691,20245000,0
260,1421407848,477993846,60,80,79,1249,20283000,0
260,1421407848,478993834,55,80,81,1950,20485000,1
260,1421407848,488993705,59,80,81,1921,20226000,0
260,1421407848,489993692,56,80,77,1171,19995000,0
261,1421407848,489993692,52,80,78,1232,19906000,0
261,1421407848,489993692,53,80,79,1691,20298000,0
261,1421407848,490993679,57,80,79,1691,20279000,0
261,1421407848,490993679,62,80,79,1791,19621000,0
261,1421407848,491993666,58,80,80,1802,20181000,0
262,1421407848,491993666,51,80,80,1977,20611000,6
262,1421407848,491993666,50,80,79,1791,19561000,0
262,1421407848,492993653,54,80,79,1791,20763000,1
262,1421407848,492993653,12,80,79,1027,20730000,4
262,1421407848,493993640,4,80,78,1027,19670000,0
263,1421407848,493993640,11,80,79,1833,19722000,0
263,1421407848,493993640,1,80,79,1520,20078000,0
263,1421407848,494993628,9,80,79,1520,20069000,0
263,1421407848,494993628,3,80,79,1823,19958000,0
263,1421407848,495993615,7,80,79,1823,19830000,0
264,1421407848,495993615,2,80,81,1981,20405000,0
264,1421407848,495993615,10,80,81,1986,19740000,0
264,1421407848,496993602,6,80,81,1981,21019000,1
264,1421407848,496993602,5,80,79,1520,20247000,0
264,1421407848,496993602,8,80,78,1027,20268000,0
265,1421407848,497993589,60,80,78,1232,2211000,0
265,1421407848,497993589,61,80,79,1691,20263000,0
265,1421407848,498993576,55,80,83,1985,20274000,0
265,1421407848,508993447,56,80,78,1171,19595000,0
265,1421407848,509993434,59,80,82,1950,19141000,0
266,1421407848,509993434,57,80,79,1691,20335000,2
266,1421407848,510993422,58,80,80,1802,20728000,1
266,1421407848,510993422,50,80,80,1802,20468000,5
266,1421407848,510993422,54,80,79,1791,20787000,8
266,1421407848,511993409,11,80,79,1833,19669000,0
267,1421407848,511993409,4,80,79,1027,20783000,3
267,1421407848,512993396,9,80,79,1520,21038000,6
267,1421407848,512993396,3,80,79,1823,20308000,0
267,1421407848,512993396,7,80,79,1823,20145000,0
267,1421407848,513993383,1,80,79,1520,20193000,0
268,1421407848,513993383,10,80,81,1986,20164000,0
268,1421407848,514993370,53,80,79,1691,19906000,0
268,1421407848,514993370,6,80,81,1981,20002000,0
268,1421407848,514993370,2,80,81,1981,21192000,3
268,1421407848,515993357,5,80,79,1520,21201000,2
269,1421407848,515993357,8,80,79,1027,21376000,1
269,1421407848,516993344,12,80,79,1027,21100000,1
269,1421407848,516993344,52,80,79,1232,20504000,0
269,1421407848,516993344,51,80,80,1977,20305000,2
269,1421407848,517993332,62,80,79,1791,20457000,3
270,1421407848,517993332,60,80,79,1232,20493000,2
270,1421407848,518993319,61,80,79,1691,20374000,0
270,1421407848,518993319,56,80,79,1171,19956000,0
270,1421407848,529993177,55,80,82,1985,20531000,0
270,1421407848,530993164,57,80,79,1691,20542000,4
271,1421407848,530993164,50,80,80,1802,20522000,4
271,1421407848,530993164,54,80,80,1802,19955000,0
271,1421407848,531993151,59,80,81,1950,20275000,0
271,1421407848,531993151,9,80,79,1520,19860000,0
271,1421407848,531993151,3,80,79,1823,19686000,0
272,1421407848,532993138,10,80,83,2019,19545000,0
272,1421407848,532993138,1,80,79,1520,19746000,0
272,1421407848,532993138,2,80,81,1981,20060000,0
272,1421407848,533993126,11,80,79,1832,20139000,0
272,1421407848,533993126,4,80,79,1027,20157000,0
273,1421407848,533993126,12,80,79,1027,20416000,9
273,1421407848,534993113,8,80,79,1027,19944000,0
273,1421407848,534993113,5,80,79,1520,20120000,0
273,1421407848,534993113,53,80,79,1691,21403000,0
273,1421407848,535993100,7,80,79,1823,20033000,0
274,1421407848,535993100,52,80,79,1232,20784000,0
274,1421407848,535993100,58,80,80,1802,21496000,1
274,1421407848,536993087,6,80,81,1981,20199000,0
274,1421407848,536993087,51,80,79,1974,22030000,0
274,1421407848,536993087,62,80,79,1791,22725000,0
275,1421407848,537993074,61,80,79,1691,22970000,2
275,1421407848,537993074,60,80,79,1232,20137000,0
275,1421407848,537993074,57,80,79,1691,20017000,0
275,1421407848,550992907,56,80,79,1171,18906000,0
275,1421407848,551992894,55,80,81,1985,19029000,0
276,1421407848,552992881,54,80,80,1802,18826001,0
276,1421407848,552992881,59,80,81,1950,18237000,0
276,1421407848,552992881,50,80,80,1802,19075000,0
276,1421407848,553992868,10,80,82,2019,20271000,0
276,1421407848,553992868,3,80,79,1823,20743000,1
277,1421407848,553992868,2,80,81,1986,20935000,4
277,1421407848,554992855,1,80,79,1520,20891000,1
277,1421407848,554992855,4,80,79,1027,20836000,1
277,1421407848,554992855,9,80,79,1520,21119000,3
277,1421407848,555992842,11,80,79,1832,21136000,2
278,1421407848,555992842,7,80,79,1823,20154000,0
278,1421407848,555992842,52,80,79,1232,20687000,6
278,1421407848,556992829,12,80,77,1006,21306000,2
278,1421407848,556992829,53,80,79,1691,19314000,0
278,1421407848,556992829,5,80,79,1520,21011000,6
279,1421407848,557992817,8,80,79,1027,20752000,1
279,1421407848,557992817,58,80,81,1822,21358000,1
279,1421407848,557992817,6,80,81,1986,20459000,0
279,1421407848,558992804,51,80,79,1974,20312001,0
279,1421407848,558992804,62,80,80,1802,20107001,0
280,1421407848,558992804,61,80,79,1691,20124000,0
280,1421407848,559992791,60,80,79,1232,20499000,2
280,1421407848,559992791,55,80,81,1985,20111000,0
280,1421407848,570992649,57,80,79,1691,20295000,0
280,1421407848,570992649,56,80,78,1160,20225000,0
281,1421407848,570992649,59,80,83,1985,20031000,0
281,1421407848,571992636,54,80,80,1802,20116000,0
281,1421407848,571992636,50,80,81,1822,19529000,0
281,1421407848,572992623,3,80,77,1797,19807000,0
281,1421407848,572992623,2,80,81,1986,20009000,0
282,1421407848,572992623,4,80,77,1006,20201000,0
282,1421407848,573992611,12,80,78,1006,19855000,0
282,1421407848,573992611,11,80,79,1832,20128000,0
282,1421407848,574992598,7,80,77,1797,20330000,9
282,1421407848,574992598,52,80,78,1216,20597000,5
283,1421407848,574992598,9,80,79,1520,19901000,0
283,1421407848,575992585,5,80,79,1520,20044000,0
283,1421407848,575992585,8,80,77,1006,19803000,0
283,1421407848,576992572,58,80,81,1822,20307000,5
283,1421407848,576992572,10,80,81,2019,20453000,0
284,1421407848,576992572,1,80,79,1520,19955000,0
284,1421407848,577992559,53,80,79,1691,20673000,2
284,1421407848,577992559,6,80,81,1986,20155000,0
284,1421407848,578992546,51,80,79,1974,20415001,1
284,1421407848,578992546,61,80,79,1691,20051000,0
285,1421407848,578992546,60,80,78,1216,20196000,0
285,1421407848,579992533,62,80,80,1802,20653000,1
285,1421407848,579992533,57,80,79,1691,20199000,0
285,1421407848,590992392,56,80,79,1160,20250001,0
285,1421407848,590992392,55,80,80,1977,20137000,0
286,1421407848,591992379,59,80,82,1985,20332001,4
286,1421407848,591992379,54,80,81,1822,20641001,3
286,1421407848,592992366,50,80,81,1822,19904000,0
286,1421407848,592992366,2,80,81,1986,20259000,0
286,1421407848,592992366,4,80,78,1006,20740000,3
287,1421407848,593992353,3,80,78,1797,19445000,0
287,1421407848,593992353,12,80,79,1006,20289000,3
287,1421407848,593992353,9,80,79,1520,20894000,3
287,1421407848,594992340,11,80,79,1823,20992000,3
287,1421407848,594992340,7,80,78,1797,20948000,3
288,1421407848,594992340,58,80,81,1822,20394000,8
288,1421407848,595992327,52,80,79,1216,20423000,4
288,1421407848,595992327,5,80,79,1520,21047000,3
288,1421407848,595992327,1,80,79,1520,20455000,11
288,1421407848,596992314,10,80,79,2003,20196000,0
289,1421407848,596992314,8,80,78,1006,21144000,14
289,1421407848,596992314,53,80,79,1691,20370000,0
289,1421407848,596992314,6,80,81,1986,21188000,16
289,1421407848,597992302,51,80,79,1971,20236001,0
289,1421407848,597992302,61,80,79,1691,20395000,3
290,1421407848,598992289,60,80,79,1216,20126000,0
290,1421407848,598992289,62,80,80,1802,20506000,1
290,1421407848,598992289,55,80,80,1977,19846001,0
290,1421407848,610992134,56,80,79,1160,19866000,0
290,1421407848,611992121,59,80,81,1985,20191001,0
291,1421407848,611992121,54,80,81,1822,20193001,0
291,1421407848,612992108,50,80,81,1822,20538001,6
291,1421407848,612992108,4,80,79,1006,19937000,0
291,1421407848,613992096,3,80,79,1797,20622000,4
291,1421407848,613992096,57,80,79,1691,20140001,0
292,1421407848,614992083,12,80,78,988,20823000,1
292,1421407848,614992083,2,80,83,2019,20013000,0
292,1421407848,614992083,52,80,79,1216,20194001,0
292,1421407848,615992070,11,80,79,1823,19832000,0
292,1421407848,615992070,7,80,79,1797,19798000,0
293,1421407848,615992070,9,80,79,1520,20129000,0
293,1421407848,616992057,10,80,79,2003,20142000,0
293,1421407848,616992057,8,80,79,1006,20795000,1
293,1421407848,616992057,5,80,79,1520,20495000,0
293,1421407848,617992044,1,80,79,1520,20518000,3
294,1421407848,617992044,6,80,83,2019,20072000,0
294,1421407848,617992044,53,80,79,1691,20802001,2
294,1421407848,618992031,58,80,81,1835,19613001,0
294,1421407848,618992031,51,80,79,1971,20246001,0
294,1421407848,618992031,60,80,79,1216,20075001,0
295,1421407848,619992018,62,80,81,1822,20383001,3
295,1421407848,619992018,61,80,79,1691,20097001,0
295,1421407848,620992005,55,80,80,1977,20302001,0
295,1421407848,631991864,56,80,79,1163,19921001,0
295,1421407848,631991864,54,80,81,1822,20447001,5
296,1421407848,632991851,57,80,79,1691,20664001,0
296,1421407848,632991851,52,80,78,1197,20797001,6
296,1421407848,633991838,11,80,79,1823,20306001,0
296,1421407848,633991838,2,80,82,2019,19603000,0
296,1421407848,633991838,12,80,79,988,20742000,1
297,1421407848,634991825,4,80,78,988,19498000,0
297,1421407848,634991825,59,80,81,1985,21214001,3
297,1421407848,634991825,3,80,77,1767,20157001,0
297,1421407848,635991812,7,80,77,1767,20106000,0
297,1421407848,635991812,9,80,79,1520,20899001,2
298,1421407848,635991812,50,80,81,1835,20959001,0
298,1421407848,636991799,6,80,82,2019,20257001,2
298,1421407848,636991799,53,80,79,1691,21469001,8
298,1421407848,636991799,10,80,79,2003,20961001,8
298,1421407848,637991787,1,80,79,1520,21075000,3
299,1421407848,637991787,5,80,79,1520,20784000,2
299,1421407848,637991787,8,80,78,988,19853001,0
299,1421407848,638991774,51,80,79,1971,21918001,1
299,1421407848,638991774,60,80,78,1197,21597001,8
299,1421407848,638991774,62,80,81,1822,20352001,0
300,1421407848,639991761,61,80,79,1691,22365001,2
300,1421407848,639991761,58,80,81,1835,22281001,0
300,1421407848,640991748,55,80,79,1974,20023001,0
300,1421407848,651991606,54,80,81,1835,17354001,0
300,1421407848,652991593,56,80,79,1163,20318001,0
301,1421407848,652991593,52,80,79,1197,20196001,0
301,1421407848,652991593,2,80,81,2019,20107000,0
301,1421407848,653991581,4,80,79,988,19949001,0
301,1421407848,653991581,59,80,80,1977,18031001,0
301,1421407848,653991581,9,80,79,1520,21346000,4
302,1421407848,654991568,7,80,78,1767,21288000,4
302,1421407848,654991568,50,80,81,1835,20645001,0
302,1421407848,654991568,53,80,79,1691,20008001,0
302,1421407848,655991555,57,80,79,1691,18990001,0
302,1421407848,655991555,6,80,81,2019,21445001,18
303,1421407848,655991555,3,80,78,1767,20398001,0
303,1421407848,656991542,1,80,79,1520,20524000,0
303,1421407848,656991542,5,80,79,1520,21604001,2
303,1421407848,656991542,11,80,79,1823,21852000,1
303,1421407848,657991529,12,80,79,988,22017000,4
304,1421407848,657991529,8,80,79,988,21228001,0
304,1421407848,658991516,10,80,79,2003,22413000,7
304,1421407848,658991516,60,80,79,1197,20066001,0
304,1421407848,658991516,51,80,79,1971,19492001,0
304,1421407848,659991503,62,80,81,1822,20900001,1
305,1421407848,659991503,58,80,81,1835,20029001,0
305,1421407848,659991503,61,80,79,1691,20243001,0
305,1421407848,660991490,55,80,79,1974,18712001,0
305,1421407848,671991349,54,80,81,1835,20316001,0
305,1421407848,672991336,56,80,79,1163,20000001,0
306,1421407848,672991336,52,80,79,1197,20255001,0
306,1421407848,673991323,59,80,80,1977,19151001,0
306,1421407848,673991323,2,80,79,2003,18674000,0
306,1421407848,674991310,4,80,79,988,19275001,0
306,1421407848,674991310,9,80,79,1520,19791001,0
307,1421407848,675991297,7,80,79,1767,19420001,0
307,1421407848,675991297,50,80,81,1835,19765001,0
307,1421407848,676991284,53,80,79,1691,20986001,9
307,1421407848,676991284,57,80,79,1691,20998001,8
307,1421407848,677991272,6,80,79,2003,19659000,0
308,1421407848,677991272,3,80,79,1767,19978001,0
308,1421407848,678991259,1,80,79,1520,19655001,0
308,1421407848,678991259,5,80,79,1520,19680000,0
308,1421407848,679991246,12,80,79,980,19662001,0
308,1421407848,679991246,8,80,79,988,19787001,0
309,1421407848,679991246,10,80,80,2015,19565001,0
309,1421407848,680991233,60,80,79,1197,21089001,8
309,1421407848,680991233,51,80,78,1955,20058001,0
309,1421407848,681991220,11,80,77,1797,20854001,0
309,1421407848,681991220,62,80,81,1835,19860001,0
310,1421407848,682991207,61,80,79,1691,20136001,0
310,1421407848,682991207,58,80,81,1835,20181001,0
310,1421407848,683991194,54,80,81,1835,20135001,0
310,1421407848,692991078,55,80,79,1974,20333001,0
310,1421407848,692991078,56,80,79,1159,20491001,3
311,1421407848,693991066,52,80,77,1171,19984001,0
311,1421407848,693991066,59,80,80,1977,19130001,0
311,1421407848,694991053,4,80,79,980,20104001,0
311,1421407848,694991053,2,80,79,2003,20183001,0
311,1421407848,695991040,9,80,79,1520,20457001,4
312,1421407848,695991040,53,80,79,1691,19305001,0
312,1421407848,696991027,57,80,79,1691,20592001,2
312,1421407848,696991027,50,80,81,1835,20221001,0
312,1421407848,696991027,6,80,79,2003,20220001,0
312,1421407848,696991027,1,80,79,1520,20130001,0
313,1421407848,697991014,5,80,79,1520,19695001,0
313,1421407848,697991014,12,80,79,980,19597001,0
313,1421407848,697991014,8,80,79,980,20713001,8
313,1421407848,698991001,7,80,77,1743,21651001,7
313,1421407848,698991001,3,80,77,1743,20928001,2
314,1421407848,698991001,10,80,80,2015,20682001,1
314,1421407848,699990988,60,80,77,1171,19939001,0
314,1421407848,699990988,11,80,78,1797,20236001,1
314,1421407848,699990988,51,80,79,1955,20898001,1
314,1421407848,700990975,62,80,81,1835,20998001,4
315,1421407848,700990975,61,80,79,1691,20015001,0
315,1421407848,700990975,58,80,80,1832,2455001,0
315,1421407848,701990963,54,80,81,1835,20240001,0
315,1421407848,712990821,55,80,79,1971,20142001,0
315,1421407848,713990808,56,80,79,1159,20167001,0
316,1421407848,713990808,52,80,78,1171,20143001,0
316,1421407848,714990795,59,80,79,1974,19445001,0
316,1421407848,714990795,4,80,79,980,20686001,5
316,1421407848,714990795,2,80,79,2003,19995001,0
316,1421407848,715990782,57,80,79,1691,19855001,0
317,1421407848,715990782,53,80,79,1691,20451001,2
317,1421407848,715990782,9,80,79,1520,20905001,3
317,1421407848,716990769,6,80,79,2003,20970001,9
317,1421407848,716990769,1,80,79,1520,20562001,6
317,1421407848,716990769,5,80,79,1520,20633001,7
318,1421407848,717990757,12,80,79,980,20719001,6
318,1421407848,717990757,3,80,78,1743,20976001,3
318,1421407848,717990757,7,80,78,1743,20105001,0
318,1421407848,718990744,8,80,79,980,20521001,1
318,1421407848,718990744,50,80,80,1832,20504001,2
319,1421407848,718990744,10,80,80,2015,21078001,5
319,1421407848,719990731,60,80,78,1171,19971001,0
319,1421407848,719990731,11,80,79,1797,20293001,0
319,1421407848,719990731,51,80,79,1955,20414001,1
319,1421407848,720990718,62,80,81,1835,20185001,0
320,1421407848,720990718,61,80,79,1691,20086001,0
320,1421407848,720990718,58,80,80,1832,2592001,0
320,1421407848,721990705,56,80,79,1159,20371001,3
320,1421407848,732990563,55,80,79,1971,20363001,0
320,1421407848,733990551,54,80,80,1832,20324001,0
321,1421407848,733990551,52,80,79,1171,20660001,4
321,1421407848,734990538,59,80,79,1974,20296001,1
321,1421407848,734990538,53,80,79,1691,20000001,0
321,1421407848,735990525,2,80,79,2003,20622001,1
321,1421407848,735990525,4,80,79,980,19590001,0
322,1421407848,735990525,57,80,79,1691,19937001,0
322,1421407848,736990512,6,80,79,2003,19514001,0
322,1421407848,736990512,1,80,79,1520,20374001,4
322,1421407848,736990512,5,80,79,1520,21047001,8
322,1421407848,737990499,12,80,79,980,20204001,0
323,1421407848,737990499,9,80,79,1520,20616001,0
323,1421407848,738990486,3,80,79,1743,19860001,0
323,1421407848,738990486,7,80,79,1743,20603001,11
323,1421407848,738990486,8,80,79,980,20549001,1
323,1421407848,739990473,50,80,80,1832,20905001,0
324,1421407848,739990473,10,80,79,2012,21029001,11
324,1421407848,740990460,60,80,79,1171,20204001,0
324,1421407848,740990460,11,80,77,1767,20197001,0
324,1421407848,740990460,62,80,81,1835,19892001,0
324,1421407848,741990448,51,80,79,1962,20444001,1
325,1421407848,741990448,61,80,79,1691,20102001,0
325,1421407848,742990435,58,80,80,1832,2280001,0
325,1421407848,742990435,56,80,79,1159,19934001,0
325,1421407848,753990293,55,80,79,1971,19862001,0
325,1421407848,753990293,54,80,80,1832,19914001,0
326,1421407848,754990280,52,80,79,1171,20255001,0
326,1421407848,754990280,59,80,79,1974,20211001,0
326,1421407848,754990280,53,80,79,1691,20518001,2
326,1421407848,755990267,57,80,79,1691,19950001,0
326,1421407848,755990267,6,80,80,2015,20172001,0
327,1421407848,755990267,1,80,79,1520,20841001,4
327,1421407848,756990254,4,80,79,980,20178001,0
327,1421407848,756990254,9,80,79,1520,20925001,1
327,1421407848,756990254,3,80,79,1743,20139001,0
327,1421407848,757990242,5,80,79,1520,20180001,0
328,1421407848,757990242,8,80,79,980,21220001,14
328,1421407848,757990242,7,80,79,1743,21151001,2
328,1421407848,758990229,10,80,79,2012,20047001,0
328,1421407848,758990229,2,80,80,2015,20888001,0
328,1421407848,758990229,50,80,80,1832,20086001,0
329,1421407848,759990216,12,80,79,971,21696001,6
329,1421407848,759990216,11,80,78,1767,20113001,0
329,1421407848,759990216,60,80,79,1171,20343001,1
329,1421407848,759990216,51,80,79,1962,20374001,0
329,1421407848,760990203,62,80,80,1832,19843001,0
330,1421407848,760990203,61,80,79,1691,20040001,0
330,1421407848,761990190,58,80,79,1819,2327001,0
330,1421407848,761990190,55,80,79,1971,20290001,0
330,1421407848,773990036,54,80,80,1832,20063001,0
330,1421407848,773990036,52,80,78,1160,20191001,0
331,1421407848,775990010,56,80,78,1140,19566001,0
331,1421407848,775990010,59,80,79,1971,20502001,4
331,1421407848,775990010,57,80,79,1691,20384001,7
331,1421407848,775990010,53,80,79,1691,20250001,0
331,1421407848,775990010,1,80,79,1520,20157001,0
332,1421407848,775990010,6,80,80,2015,20816001,4
332,1421407848,775990010,9,80,79,1520,19897001,0
332,1421407848,776989997,4,80,79,971,20355001,0
332,1421407848,776989997,5,80,79,1520,21047001,4
332,1421407848,776989997,3,80,78,1727,21127001,13
333,1421407848,776989997,7,80,78,1727,20982001,2
333,1421407848,777989984,10,80,79,2012,20648001,2
333,1421407848,777989984,2,80,80,2015,20159001,0
333,1421407848,777989984,50,80,79,1819,20800001,6
333,1421407848,777989984,12,80,79,971,20038001,0
334,1421407848,778989971,8,80,79,971,20612001,0
334,1421407848,778989971,11,80,79,1767,20682001,9
334,1421407848,778989971,60,80,78,1160,21241001,4
334,1421407848,778989971,62,80,80,1832,20307001,2
334,1421407848,779989958,51,80,79,1962,19918001,0
335,1421407848,779989958,61,80,79,1691,20424001,2
335,1421407848,779989958,58,80,79,1819,20395001,2
335,1421407848,779989958,54,80,79,1819,20220001,0
335,1421407848,794989765,52,80,79,1160,20061001,0
335,1421407848,794989765,55,80,78,1955,20349001,0
336,1421407848,794989765,56,80,79,1140,20229001,0
336,1421407848,795989752,57,80,79,1691,20180001,0
336,1421407848,795989752,53,80,79,1691,20113001,0
336,1421407848,796989740,59,80,79,1971,20268001,0
336,1421407848,796989740,9,80,79,1520,19972001,0
337,1421407848,796989740,4,80,79,971,20724001,9
337,1421407848,796989740,5,80,79,1520,20151001,0
337,1421407848,797989727,6,80,80,2015,20013001,0
337,1421407848,797989727,10,80,76,1979,20611001,8
337,1421407848,797989727,2,80,80,2015,20998001,3
338,1421407848,798989714,7,80,79,1727,19889001,0
338,1421407848,798989714,50,80,79,1819,20086001,0
338,1421407848,798989714,12,80,79,971,20549001,16
338,1421407848,799989701,8,80,79,971,21220001,2
338,1421407848,799989701,11,80,77,1743,20084001,0
339,1421407848,799989701,1,80,79,1520,20663001,0
339,1421407848,799989701,60,80,79,1160,20166001,0
339,1421407848,800989688,3,80,79,1727,20551001,0
339,1421407848,800989688,62,80,80,1832,20135001,0
339,1421407848,800989688,51,80,79,1954,19968001,0
340,1421407848,801989675,61,80,79,1691,1613001,0
340,1421407848,801989675,58,80,79,1819,20224001,0
340,1421407848,801989675,52,80,79,1160,20133001,0
340,1421407848,814989508,54,80,79,1819,20323001,0
340,1421407848,814989508,53,80,79,1691,20375001,1
341,1421407848,815989495,57,80,70,1592,20326001,4
341,1421407848,815989495,55,80,79,1955,20132001,0
341,1421407848,815989495,59,80,79,1971,20208001,0
341,1421407848,816989482,56,80,79,1140,20098001,0
341,1421407848,816989482,4,80,79,971,19881001,0
342,1421407848,816989482,2,80,79,2012,20105001,0
342,1421407848,817989469,5,80,79,1520,20034001,0
342,1421407848,817989469,10,80,77,1979,20804001,2
342,1421407848,817989469,6,80,79,2012,20338001,0
342,1421407848,818989456,12,80,79,963,20124001,0
343,1421407848,818989456,50,80,79,1819,20616001,5
343,1421407848,818989456,7,80,79,1727,20424001,8
343,1421407848,818989456,8,80,79,971,20127001,0
343,1421407848,819989443,11,80,78,1743,20567001,8
343,1421407848,819989443,9,80,79,1520,21284001,2
344,1421407848,819989443,1,80,79,1520,20105001,0
344,1421407848,820989431,60,80,79,1160,20817001,2
344,1421407848,820989431,3,80,79,1727,20172001,0
344,1421407848,820989431,62,80,79,1819,20929001,2
344,1421407848,821989418,51,80,79,1954,20920001,6
345,1421407848,821989418,61,80,79,1691,2071001,0
345,1421407848,821989418,58,80,79,1818,1565001,0
345,1421407848,822989405,54,80,79,1819,20308001,0
345,1421407848,834989250,52,80,79,1163,20350001,0
345,1421407848,835989237,53,80,79,1691,20363001,2
346,1421407848,835989237,57,80,71,1592,20383001,0
346,1421407848,836989225,55,80,79,1955,20859001,0
346,1421407848,836989225,56,80,78,1127,20977001,0
346,1421407848,836989225,4,80,79,963,20798001,6
346,1421407848,836989225,59,80,79,1971,21020001,2
347,1421407848,837989212,2,80,79,2012,20829001,6
347,1421407848,837989212,5,80,79,1520,20348001,0
347,1421407848,837989212,10,80,78,1979,20971001,3
347,1421407848,838989199,6,80,79,2012,20597001,2
347,1421407848,838989199,50,80,79,1818,21097001,6
348,1421407848,838989199,7,80,79,1721,20996001,1
348,1421407848,839989186,9,80,79,1520,20216001,1
348,1421407848,839989186,11,80,79,1743,20639001,4
348,1421407848,839989186,8,80,79,963,20575001,6
348,1421407848,839989186,12,80,79,963,21267001,2
349,1421407848,840989173,1,80,74,1463,21331001,10
349,1421407848,840989173,62,80,79,1819,21067001,13
349,1421407848,840989173,60,80,79,1163,21840001,13
349,1421407848,841989160,51,80,79,1954,20187001,0
349,1421407848,841989160,3,80,79,1721,21109001,2
350,1421407848,841989160,61,80,79,1691,20742001,4
350,1421407848,842989147,58,80,79,1818,21145001,6
350,1421407848,842989147,52,80,79,1163,20268001,0
350,1421407848,855988980,54,80,79,1818,20154001,0
350,1421407848,855988980,53,80,79,1691,20423001,2
351,1421407848,855988980,57,80,72,1592,20101001,0
351,1421407848,856988967,56,80,79,1127,20170001,0
351,1421407848,856988967,59,80,78,1955,20092001,0
351,1421407848,857988954,4,80,79,963,19459001,0
351,1421407848,857988954,2,80,79,2012,19856001,0
352,1421407848,857988954,6,80,79,2012,20184001,0
352,1421407848,857988954,10,80,79,1979,20070001,0
352,1421407848,858988941,50,80,79,1818,19511001,0
352,1421407848,858988941,11,80,79,1743,20063001,0
352,1421407848,858988941,8,80,79,963,20759001,2
353,1421407848,859988928,7,80,79,1721,19938001,0
353,1421407848,859988928,9,80,79,1520,20776001,3
353,1421407848,859988928,5,80,79,1520,19762001,0
353,1421407848,860988916,1,80,75,1463,19874001,0
353,1421407848,860988916,12,80,79,963,20502001,1
354,1421407848,860988916,62,80,79,1819,20016001,0
354,1421407848,860988916,51,80,79,1954,20727001,15
354,1421407848,861988903,60,80,79,1163,20063001,0
354,1421407848,861988903,3,80,79,1721,20217001,0
354,1421407848,861988903,61,80,79,1691,20869001,1
355,1421407848,862988890,55,80,79,1962,21672001,0
355,1421407848,862988890,58,80,79,1818,20355001,0
355,1421407848,862988890,54,80,79,1818,19952001,0
355,1421407848,875988722,53,80,79,1691,20037001,0
355,1421407848,875988722,52,80,79,1163,20254001,0
356,1421407848,876988710,57,80,73,1592,20651001,2
356,1421407848,876988710,56,80,79,1127,20406001,1
356,1421407848,876988710,59,80,79,1955,20451001,7
356,1421407848,877988697,10,80,78,1965,20788001,4
356,1421407848,877988697,11,80,78,1727,20890001,4
357,1421407848,877988697,50,80,79,1818,20532001,1
357,1421407848,878988684,8,80,79,963,20859001,10
357,1421407848,878988684,9,80,79,1520,20248001,0
357,1421407848,878988684,5,80,79,1520,20110001,0
357,1421407848,879988671,1,80,76,1463,20660001,14
358,1421407848,879988671,12,80,79,958,20895001,3
358,1421407848,879988671,6,80,76,1979,21088001,6
358,1421407848,879988671,4,80,79,963,20997001,3
358,1421407848,880988658,51,80,79,1951,21292001,1
358,1421407848,880988658,60,80,79,1163,21222001,1
359,1421407848,880988658,2,80,76,1979,21400001,1
359,1421407848,881988645,3,80,79,1721,20874001,1
359,1421407848,881988645,7,80,79,1721,21507001,5
359,1421407848,882988632,61,80,79,1691,21706001,1
359,1421407848,882988632,62,80,79,1818,22139001,19
360,1421407848,882988632,55,80,79,1962,20204001,0
360,1421407848,883988619,58,80,79,1818,19811001,0
360,1421407848,883988619,54,80,79,1818,18710001,0
360,1421407848,895988465,53,80,79,1691,19784001,0
360,1421407848,896988452,57,80,74,1592,19519001,0
361,1421407848,896988452,52,80,79,1159,20079001,0
361,1421407848,897988439,56,80,78,1107,20191001,0
361,1421407848,897988439,59,80,79,1955,19269001,0
361,1421407848,897988439,8,80,79,958,19877001,0
361,1421407848,898988426,11,80,79,1727,20165001,0
362,1421407848,898988426,10,80,79,1965,20253001,0
362,1421407848,898988426,50,80,79,1818,20541001,2
362,1421407848,899988413,5,80,79,1520,20591001,12
362,1421407848,899988413,1,80,77,1463,20358001,4
362,1421407848,900988401,6,80,77,1979,20302001,0
363,1421407848,900988401,4,80,79,958,21025001,1
363,1421407848,900988401,12,80,79,958,20181001,0
363,1421407848,901988388,60,80,79,1159,20941001,7
363,1421407848,901988388,51,80,79,1951,20885001,2
363,1421407848,901988388,9,80,79,1520,21024001,2
364,1421407848,902988375,3,80,81,1743,20418001,4
364,1421407848,902988375,7,80,81,1743,20050001,0
364,1421407848,902988375,2,80,77,1979,20143001,0
364,1421407848,903988362,62,80,79,1818,19531001,0
364,1421407848,903988362,61,80,79,1691,21108001,5
365,1421407848,903988362,55,80,79,1962,21224001,4
365,1421407848,904988349,58,80,81,1844,1805001,0
365,1421407848,904988349,53,80,70,1592,19986001,0
365,1421407848,916988195,54,80,79,1818,19873001,0
365,1421407848,916988195,57,80,75,1592,20377001,1
366,1421407848,916988195,56,80,79,1107,20326001,4
366,1421407848,917988182,52,80,79,1159,20669001,4
366,1421407848,917988182,59,80,79,1962,20150001,0
366,1421407848,918988169,50,80,81,1844,20510001,4
366,1421407848,918988169,11,80,79,1727,20868001,4
367,1421407848,918988169,6,80,78,1979,20959001,3
367,1421407848,919988156,1,80,78,1463,20057001,0
367,1421407848,919988156,60,80,79,1159,20319001,1
367,1421407848,919988156,51,80,79,1951,20583001,7
367,1421407848,920988143,2,80,78,1979,21377001,4
368,1421407848,920988143,3,80,81,1743,20757001,13
368,1421407848,921988130,10,80,79,1965,20262001,0
368,1421407848,921988130,62,80,79,1818,20877001,9
368,1421407848,921988130,12,80,79,958,21434001,1
368,1421407848,922988117,61,80,70,1592,20780001,3
369,1421407848,922988117,8,80,79,958,21552001,4
369,1421407848,929988027,5,80,79,1520,20826001,0
369,1421407848,929988027,4,80,79,958,20840001,0
369,1421407848,929988027,55,80,79,1954,20966001,7
369,1421407848,930988014,7,80,81,1743,21052001,12
370,1421407848,930988014,58,80,81,1844,1897001,0
370,1421407848,930988014,9,80,79,1520,21475001,0
370,1421407848,931988001,57,80,76,1592,20408001,3
370,1421407848,936987937,53,80,71,1592,20241001,0
370,1421407848,937987924,56,80,79,1107,20632001,1
371,1421407848,937987924,54,80,81,1844,20425001,1
371,1421407848,937987924,59,80,79,1962,20698001,3
371,1421407848,938987911,52,80,79,1159,20300001,0
371,1421407848,938987911,11,80,79,1721,19025001,0
371,1421407848,938987911,50,80,81,1844,21162001,6
372,1421407848,939987898,6,80,79,1979,19078001,0
372,1421407848,939987898,1,80,79,1463,19517001,0
372,1421407848,940987886,3,80,81,1743,19565001,0
372,1421407848,940987886,60,80,79,1159,21487001,10
372,1421407848,940987886,2,80,79,1979,19387001,0
373,1421407848,941987873,10,80,77,1940,20069001,0
373,1421407848,942987860,12,80,79,958,19592001,0
373,1421407848,942987860,62,80,79,1818,20832001,3
373,1421407848,942987860,8,80,79,958,20066001,0
373,1421407848,943987847,61,80,71,1592,20944001,6
374,1421407848,943987847,51,80,79,1959,20729001,4
374,1421407848,943987847,4,80,79,958,20022001,0
374,1421407848,944987834,5,80,74,1463,19952001,0
374,1421407848,944987834,7,80,81,1743,19610001,0
374,1421407848,944987834,58,80,81,1844,20366001,2
375,1421407848,945987821,55,80,79,1954,22030001,9
375,1421407848,945987821,9,80,79,1520,19873001,0
375,1421407848,945987821,57,80,77,1592,19980001,0
375,1421407848,957987667,53,80,72,1592,20177001,0
375,1421407848,957987667,54,80,81,1844,20638001,0
376,1421407848,958987654,59,80,79,1962,20232001,0
376,1421407848,958987654,52,80,79,1159,20003001,0
376,1421407848,958987654,56,80,79,1107,20191001,0
376,1421407848,959987641,11,80,79,1721,20923001,6
376,1421407848,959987641,50,80,81,1844,19573001,0
377,1421407848,960987628,6,80,78,1965,20539001,7
377,1421407848,960987628,1,80,79,1463,20490001,3
377,1421407848,960987628,2,80,78,1965,20773001,6
377,1421407848,961987615,60,80,79,1159,20131001,0
377,1421407848,961987615,3,80,81,1743,21007001,10
378,1421407848,962987602,10,80,78,1940,20654001,4
378,1421407848,962987602,12,80,78,944,20916001,14
378,1421407848,962987602,8,80,79,958,20253001,2
378,1421407848,963987589,61,80,72,1592,20708001,1
378,1421407848,963987589,5,80,75,1463,20096001,0
379,1421407848,963987589,4,80,79,958,21035001,13
379,1421407848,964987577,58,80,82,1873,20730001,10
379,1421407848,964987577,7,80,81,1743,20241001,1
379,1421407848,965987564,51,80,79,1959,20110001,0
379,1421407848,965987564,55,80,79,1954,19302001,0
380,1421407848,965987564,9,80,79,1520,21200001,17
380,1421407848,965987564,62,80,81,1844,21718001,4
380,1421407848,966987551,54,80,81,1844,20192001,0
380,1421407848,977987409,59,80,79,1954,20106001,0
380,1421407848,978987396,52,80,78,1140,20080002,0
381,1421407848,978987396,56,80,77,1078,20202001,0
381,1421407848,978987396,53,80,73,1592,20118001,0
381,1421407848,979987383,57,80,78,1592,20019001,0
381,1421407848,979987383,50,80,82,1873,20290001,0
381,1421407848,979987383,10,80,79,1940,21036001,6
382,1421407848,980987371,61,80,73,1592,20122001,0
382,1421407848,980987371,3,80,81,1748,20398001,0
382,1421407848,980987371,2,80,79,1965,20866001,3
382,1421407848,981987358,1,80,79,1463,21080001,4
382,1421407848,981987358,4,80,78,944,21227001,4
383,1421407848,981987358,5,80,76,1463,20674001,6
383,1421407848,981987358,7,80,81,1748,21051001,20
383,1421407848,982987345,6,80,79,1965,20802001,0
383,1421407848,982987345,11,80,79,1721,20788001,0
383,1421407848,982987345,12,80,79,944,19978001,0
384,1421407848,983987332,9,80,74,1463,20288001,7
384,1421407848,983987332,55,80,79,1954,20462001,1
384,1421407848,984987319,51,80,79,1959,20587001,0
384,1421407848,984987319,8,80,78,944,21347001,6
384,1421407848,984987319,58,80,81,1873,20515001,0
385,1421407848,985987306,62,80,81,1844,19899001,0
385,1421407848,985987306,60,80,78,1140,21689002,9
385,1421407848,985987306,54,80,82,1873,20106002,0
385,1421407848,997987152,59,80,79,1954,19991001,0
385,1421407848,998987139,52,80,79,1140,20506002,2
386,1421407848,998987139,56,80,78,1078,20366002,2
386,1421407848,998987139,57,80,79,1592,20197001,0
386,1421407849,0,53,80,74,1592,20727001,1
386,1421407849,0,50,80,81,1873,20431002,1
386,1421407849,0,61,80,74,1592,20502002,4
387,1421407849,0,3,80,81,1748,20135001,0
387,1421407849,999988,1,80,79,1463,19860001,0
387,1421407849,999988,5,80,77,1463,20414001,4
387,1421407849,999988,2,80,79,1965,19974001,0
387,1421407849,999988,10,80,79,1936,19507001,0
388,1421407849,1999975,11,80,81,1743,19855001,0
388,1421407849,1999975,7,80,81,1748,19548001,0
388,1421407849,1999975,6,80,79,1965,20018001,0
388,1421407849,1999975,4,80,79,944,20340001,0
388,1421407849,2999962,9,80,75,1463,19967001,0
389,1421407849,2999962,51,80,77,1932,20963002,10
389,1421407849,2999962,12,80,79,944,20175001,0
389,1421407849,2999962,8,80,79,944,21054001,1
389,1421407849,3999949,55,80,79,1951,20862002,14
389,1421407849,3999949,58,80,81,1873,20979001,1
390,1421407849,3999949,62,80,81,1844,20566001,1
390,1421407849,3999949,60,80,79,1140,20082001,0
390,1421407849,4999936,52,80,79,1140,19904001,0
390,1421407849,18999756,59,80,79,1954,19786002,0
390,1421407849,18999756,54,80,81,1873,20125002,0
391,1421407849,18999756,53,80,75,1592,20512002,3
391,1421407849,19999743,56,80,79,1078,20427002,2
391,1421407849,19999743,57,80,79,1592,20171002,0
391,1421407849,19999743,50,80,81,1873,20167002,0
391,1421407849,20999730,1,80,79,1463,20524002,3
392,1421407849,20999730,3,80,81,1748,20620001,1
392,1421407849,20999730,2,80,77,1940,20145001,0
392,1421407849,21999717,61,80,75,1592,20460001,1
392,1421407849,21999717,5,80,78,1463,20534001,2
392,1421407849,21999717,6,80,77,1940,19798001,0
393,1421407849,21999717,11,80,81,1743,20001001,0
393,1421407849,22999704,7,80,81,1748,20106001,0
393,1421407849,22999704,9,80,76,1463,20355002,11
393,1421407849,22999704,4,80,79,944,20572001,5
393,1421407849,23999692,12,80,78,926,20633001,2
394,1421407849,23999692,10,80,79,1936,19928001,0
394,1421407849,23999692,55,80,79,1951,20831001,1
394,1421407849,24999679,58,80,84,1920,20189002,0
394,1421407849,24999679,8,80,79,944,20631001,6
394,1421407849,24999679,62,80,82,1873,20322001,1
395,1421407849,24999679,60,80,79,1140,21087001,10
395,1421407849,25999666,51,80,78,1932,20297002,0
395,1421407849,25999666,59,80,79,1954,20456002,0
395,1421407849,38999498,54,80,81,1873,20161002,0
395,1421407849,39999486,52,80,78,1127,20052002,0
396,1421407849,39999486,56,80,79,1078,20261002,0
396,1421407849,39999486,57,80,79,1592,20590002,0
396,1421407849,40999473,53,80,76,1592,20555002,0
396,1421407849,40999473,2,80,78,1940,20614001,6
396,1421407849,41999460,1,80,79,1463,20129001,0
397,1421407849,41999460,61,80,76,1592,20095002,0
397,1421407849,41999460,3,80,79,1729,20387002,1
397,1421407849,42999447,50,80,84,1920,20568002,6
397,1421407849,42999447,9,80,77,1463,20730002,1
397,1421407849,43999434,4,80,78,926,20715001,2
398,1421407849,43999434,5,80,79,1463,20686001,5
398,1421407849,43999434,6,80,78,1940,21047001,4
398,1421407849,44999421,12,80,79,926,21127002,7
398,1421407849,44999421,10,80,79,1936,21238002,6
398,1421407849,44999421,55,80,79,1951,19910002,0
399,1421407849,45999408,11,80,81,1743,20889001,6
399,1421407849,45999408,58,80,83,1920,21041002,14
399,1421407849,46999395,62,80,81,1873,20312002,2
399,1421407849,46999395,8,80,78,926,21005001,2
399,1421407849,46999395,51,80,79,1932,20906002,11
400,1421407849,47999383,7,80,79,1729,21566002,2
400,1421407849,47999383,60,80,78,1127,20385002,0
400,1421407849,48999370,52,80,79,1127,19981002,0
400,1421407849,59999228,59,80,79,1951,19452002,0
400,1421407849,59999228,56,80,79,1078,20183002,0
401,1421407849,59999228,54,80,84,1920,19508002,0
401,1421407849,60999215,57,80,79,1592,20052002,0
401,1421407849,60999215,53,80,77,1592,20129002,0
401,1421407849,61999202,61,80,77,1592,20730002,2
401,1421407849,61999202,3,80,79,1729,20703002,5
402,1421407849,61999202,2,80,79,1940,20283002,0
402,1421407849,62999189,50,80,83,1920,20671002,0
402,1421407849,62999189,6,80,79,1940,20709002,4
402,1421407849,62999189,4,80,79,926,20840001,4
402,1421407849,63999177,10,80,79,1936,20037001,0
403,1421407849,63999177,55,80,79,1959,20552002,5
403,1421407849,64999164,5,80,79,1463,20311002,0
403,1421407849,64999164,1,80,79,1463,20496002,0
403,1421407849,64999164,11,80,81,1743,20584002,0
403,1421407849,65999151,58,80,82,1920,19894002,0
404,1421407849,65999151,12,80,79,926,21195002,2
404,1421407849,66999138,9,80,78,1463,20308002,0
404,1421407849,66999138,62,80,81,1873,20520002,4
404,1421407849,66999138,8,80,79,926,20091002,0
404,1421407849,67999125,51,80,79,1932,20194002,0
405,1421407849,67999125,7,80,79,1729,20162001,0
405,1421407849,67999125,60,80,79,1127,20217002,0
405,1421407849,68999112,56,80,79,1078,20015002,0
405,1421407849,78998983,52,80,79,1127,20125002,0
405,1421407849,79998971,59,80,79,1951,18130002,0
406,1421407849,79998971,57,80,79,1592,20352002,1
