Simulation time,DDS time seconds,DDS time nanoseconds,Turbine Id,Setpoint,Current production,Max production,MS since last write,Cache count
0,1421407563,921988130,54,200,197,1325,20067001,0
0,1421407563,971987486,51,200,201,1458,20179001,0
0,1421407563,972987474,53,200,199,1352,20214001,0
1,1421407563,972987474,50,200,199,1362,20192001,0
1,1421407563,972987474,52,200,200,1865,20235001,0
1,1421407563,972987474,5,200,201,1622,20346001,0
1,1421407563,977987409,3,200,201,1730,20509001,5
1,1421407563,978987396,2,200,197,999,20491001,0
2,1421407563,978987396,1,200,202,1622,20432001,0
2,1421407563,978987396,4,200,199,1585,20586001,0
2,1421407563,978987396,51,200,201,1468,20428001,3
2,1421407563,985987306,53,200,199,1352,20259001,3
2,1421407563,985987306,54,200,198,1325,20261001,0
3,1421407563,985987306,52,200,199,1854,20352001,0
3,1421407563,985987306,50,200,199,1357,7561001,0
3,1421407563,985987306,5,200,201,1622,20200001,0
3,1421407564,0,2,200,198,999,20159001,0
3,1421407564,0,3,200,201,1730,20224001,0
4,1421407564,0,1,200,201,1622,20491001,0
4,1421407564,0,4,200,199,1585,20773001,4
4,1421407564,0,51,200,201,1468,20166002,0
4,1421407564,6999910,53,200,199,1352,20132001,0
4,1421407564,6999910,52,200,199,1854,20234001,0
5,1421407564,6999910,54,200,199,1336,20156002,0
5,1421407564,6999910,50,200,199,1357,20479002,5
5,1421407564,6999910,2,200,199,999,20147001,0
5,1421407564,19999743,5,200,201,1622,20328001,0
5,1421407564,19999743,3,200,201,1730,20325001,0
6,1421407564,19999743,1,200,201,1622,20391001,0
6,1421407564,19999743,4,200,199,1585,20358001,1
6,1421407564,20999730,51,200,201,1468,20465002,3
6,1421407564,26999653,52,200,199,1854,20226002,0
6,1421407564,26999653,54,200,199,1336,20371002,0
7,1421407564,26999653,53,200,204,1412,20385002,0
7,1421407564,27999640,50,200,199,1357,20305002,0
7,1421407564,27999640,2,200,199,999,20143001,0
7,1421407564,39999486,3,200,201,1741,20343002,0
7,1421407564,39999486,5,200,201,1622,20343002,0
8,1421407564,39999486,4,200,199,1585,20349001,0
8,1421407564,40999473,1,200,201,1622,20395002,0
8,1421407564,40999473,53,200,203,1412,20191002,0
8,1421407564,46999395,51,200,201,1468,20161002,0
8,1421407564,46999395,54,200,199,1336,20278002,0
9,1421407564,47999383,52,200,199,1848,20278002,0
9,1421407564,47999383,50,200,196,1325,7256002,0
9,1421407564,47999383,2,200,199,1001,20430002,0
9,1421407564,60999215,3,200,201,1741,20297001,0
9,1421407564,60999215,1,200,201,1622,20754002,2
10,1421407564,60999215,4,200,199,1579,20526001,0
10,1421407564,60999215,5,200,201,1622,20654002,0
10,1421407564,60999215,52,200,199,1848,20163002,0
10,1421407564,67999125,54,200,199,1336,20194002,0
10,1421407564,67999125,53,200,202,1412,20186002,0
11,1421407564,67999125,51,200,201,1472,20243002,0
11,1421407564,67999125,50,200,197,1325,7124002,0
11,1421407564,67999125,2,200,199,1001,20347002,0
11,1421407564,80998958,3,200,201,1741,20341001,0
11,1421407564,80998958,4,200,199,1579,20952002,1
12,1421407564,80998958,1,200,201,1622,20641001,0
12,1421407564,81998945,5,200,201,1622,20706002,0
12,1421407564,81998945,54,200,200,1354,20239002,0
12,1421407564,87998868,51,200,201,1472,20210002,0
12,1421407564,87998868,53,200,201,1412,20156002,0
13,1421407564,87998868,52,200,199,1848,20310002,0
13,1421407564,87998868,50,200,198,1325,6896002,0
13,1421407564,87998868,2,200,199,1001,20422002,0
13,1421407564,101998687,3,200,203,1778,20396002,0
13,1421407564,101998687,4,200,199,1579,21000002,1
14,1421407564,101998687,5,200,201,1622,20257001,0
14,1421407564,101998687,1,200,201,1622,20391002,0
14,1421407564,101998687,51,200,201,1472,20253002,0
14,1421407564,107998610,54,200,200,1354,20191002,0
14,1421407564,107998610,52,200,199,1848,20223002,0
15,1421407564,107998610,53,200,201,1412,20198002,0
15,1421407564,107998610,50,200,199,1336,6656002,0
15,1421407564,108998597,3,200,202,1778,20461002,0
15,1421407564,121998430,2,200,199,997,20440002,0
15,1421407564,121998430,1,200,201,1622,20416002,0
16,1421407564,121998430,5,200,201,1622,20346002,0
16,1421407564,122998417,4,200,199,1570,20640002,0
16,1421407564,122998417,53,200,201,1412,20266002,1
16,1421407564,127998353,51,200,200,1469,20182002,0
16,1421407564,128998340,54,200,200,1354,20284002,0
17,1421407564,128998340,52,200,198,1835,20462002,1
17,1421407564,128998340,50,200,199,1336,20383002,2
17,1421407564,128998340,3,200,201,1778,20520002,0
17,1421407564,142998159,2,200,199,997,20115002,0
17,1421407564,142998159,5,200,205,1679,20645002,1
18,1421407564,142998159,4,200,199,1570,14529002,0
18,1421407564,142998159,1,200,201,1622,20774002,0
18,1421407564,142998159,53,200,201,1412,20169002,0
18,1421407564,148998082,51,200,200,1469,20204002,0
18,1421407564,148998082,54,200,197,1317,20199002,0
19,1421407564,148998082,52,200,199,1835,20331002,2
19,1421407564,148998082,50,200,199,1336,20411002,1
19,1421407564,148998082,3,200,201,1778,20340002,0
19,1421407564,162997902,2,200,199,997,20200002,0
19,1421407564,162997902,4,200,199,1570,20476002,1
20,1421407564,162997902,1,200,205,1679,20200002,0
20,1421407564,162997902,5,200,204,1679,20343002,0
20,1421407564,163997889,54,200,198,1317,20131002,0
20,1421407564,168997825,52,200,199,1835,20130002,0
20,1421407564,168997825,51,200,200,1469,20224002,0
21,1421407564,168997825,53,200,201,1412,20265002,0
21,1421407564,168997825,50,200,199,1336,5899002,0
21,1421407564,168997825,2,200,198,980,20495002,1
21,1421407564,183997632,3,200,201,1780,20303002,0
21,1421407564,183997632,4,200,198,1554,20477002,4
22,1421407564,183997632,5,200,203,1679,20689002,2
22,1421407564,183997632,1,200,204,1679,20353002,1
22,1421407564,183997632,54,200,199,1317,20236002,0
22,1421407564,188997567,51,200,200,1478,20255002,0
22,1421407564,188997567,52,200,198,1822,20254002,0
23,1421407564,188997567,53,200,201,1412,20170002,0
23,1421407564,189997554,50,200,200,1354,20317002,5
23,1421407564,189997554,4,200,199,1554,20229002,0
23,1421407564,203997374,3,200,201,1780,20240002,0
23,1421407564,203997374,2,200,199,980,20557002,1
24,1421407564,203997374,1,200,203,1679,14856002,0
24,1421407564,204997361,5,200,202,1679,20373002,0
24,1421407564,204997361,54,200,199,1318,20165002,0
24,1421407564,209997297,52,200,199,1822,20245002,1
24,1421407564,209997297,51,200,200,1478,20222002,0
25,1421407564,209997297,53,200,201,1412,20394002,0
25,1421407564,209997297,50,200,200,1354,5713002,0
25,1421407564,209997297,2,200,199,980,20227002,0
25,1421407564,224997104,4,200,199,1554,20215002,0
25,1421407564,224997104,3,200,201,1780,20343002,0
26,1421407564,224997104,1,200,202,1679,14708002,0
26,1421407564,224997104,5,200,201,1679,20356002,0
26,1421407564,224997104,54,200,199,1318,20234002,0
26,1421407564,229997039,51,200,200,1478,20144002,0
26,1421407564,229997039,53,200,201,1412,20246002,0
27,1421407564,229997039,52,200,199,1822,20277002,0
27,1421407564,229997039,50,200,200,1354,20565002,4
27,1421407564,229997039,4,200,199,1554,20127002,0
27,1421407564,244996846,2,200,199,980,20134002,0
27,1421407564,244996846,3,200,201,1786,20204002,0
28,1421407564,244996846,5,200,201,1679,20480002,1
28,1421407564,244996846,1,200,201,1679,20480002,1
28,1421407564,244996846,53,200,201,1412,20262000,0
28,1421407564,249996782,51,200,200,1478,20172000,0
28,1421407564,249996782,54,200,199,1318,20087000,0
29,1421407564,249996782,52,200,199,1823,20361000,1
29,1421407564,249996782,50,200,197,1317,5401000,0
29,1421407564,250996769,2,200,199,974,20157002,0
29,1421407564,264996589,4,200,199,1545,20124002,0
29,1421407564,264996589,5,200,196,1624,20478002,3
30,1421407564,265996576,1,200,201,1679,20561002,2
30,1421407564,265996576,3,200,201,1786,20430002,0
30,1421407564,265996576,54,200,199,1318,20203000,0
30,1421407564,269996524,52,200,199,1823,20121000,0
30,1421407564,269996524,53,200,201,1412,20150000,0
31,1421407564,270996512,51,200,201,1501,20061000,0
31,1421407564,270996512,50,200,198,1317,5413000,0
31,1421407564,270996512,4,200,199,1545,20190000,0
31,1421407564,285996318,5,200,197,1624,20306000,0
31,1421407564,285996318,2,200,199,974,20171000,0
32,1421407564,285996318,3,200,201,1786,20503000,1
32,1421407564,285996318,1,200,196,1624,15145000,0
32,1421407564,285996318,53,200,201,1412,20272000,0
32,1421407564,290996254,51,200,201,1501,20241000,1
32,1421407564,290996254,54,200,199,1326,20214000,0
33,1421407564,290996254,52,200,199,1823,20351000,0
33,1421407564,290996254,50,200,199,1317,5109000,0
33,1421407564,290996254,5,200,198,1624,20302000,0
33,1421407564,305996061,2,200,199,974,20146000,0
33,1421407564,305996061,4,200,199,1545,20155000,0
34,1421407564,305996061,1,200,197,1624,20588000,5
34,1421407564,305996061,3,200,201,1800,15185000,0
34,1421407564,305996061,52,200,199,1823,20245000,2
34,1421407564,310995997,54,200,199,1326,20256000,0
34,1421407564,310995997,53,200,201,1412,20154000,0
35,1421407564,310995997,51,200,201,1501,20262000,0
35,1421407564,310995997,50,200,199,1318,5027000,0
35,1421407564,310995997,2,200,198,958,20155000,0
35,1421407564,325995803,4,200,198,1533,20157000,0
35,1421407564,326995791,5,200,199,1624,20351000,0
36,1421407564,326995791,1,200,198,1624,20334000,0
36,1421407564,326995791,3,200,201,1800,20455000,2
36,1421407564,326995791,51,200,201,1516,20245000,0
36,1421407564,330995739,53,200,201,1412,20264000,0
36,1421407564,330995739,54,200,199,1326,20307000,2
37,1421407564,330995739,52,200,198,1808,20329000,0
37,1421407564,330995739,50,200,199,1318,5065000,0
37,1421407564,330995739,2,200,199,958,20165000,0
37,1421407564,346995533,5,200,199,1624,20354000,0
37,1421407564,346995533,4,200,199,1533,20166000,0
38,1421407564,346995533,1,200,199,1624,20365000,0
38,1421407564,346995533,3,200,201,1800,20588000,3
38,1421407564,346995533,54,200,194,1275,20245000,0
38,1421407564,350995482,52,200,199,1808,20147000,0
38,1421407564,351995469,53,200,201,1412,20306000,0
39,1421407564,351995469,51,200,201,1516,20360000,0
39,1421407564,351995469,50,200,199,1318,5024000,0
39,1421407564,351995469,4,200,199,1533,20311000,0
39,1421407564,366995276,2,200,199,958,20181000,0
39,1421407564,366995276,5,200,199,1624,20295000,0
40,1421407564,366995276,3,200,201,1800,20322000,0
40,1421407564,367995263,1,200,199,1624,20375000,0
40,1421407564,367995263,52,200,199,1808,20306000,0
40,1421407564,371995211,51,200,201,1516,20282000,3
40,1421407564,371995211,53,200,201,1412,20263000,0
41,1421407564,371995211,54,200,195,1275,20338000,0
41,1421407564,371995211,50,200,199,1318,5068000,0
41,1421407564,371995211,2,200,198,942,20273000,0
41,1421407564,388994992,5,200,199,1624,20319000,0
41,1421407564,388994992,4,200,199,1530,20084000,0
42,1421407564,388994992,1,200,199,1624,15675000,0
42,1421407564,388994992,3,200,201,1808,20569000,4
42,1421407564,388994992,53,200,201,1412,20215000,0
42,1421407564,391994954,51,200,201,1533,20279000,0
42,1421407564,391994954,54,200,196,1275,20238000,0
43,1421407564,391994954,52,200,197,1787,20332000,0
43,1421407564,392994941,50,200,199,1326,5091000,0
43,1421407564,392994941,2,200,199,942,20055000,0
43,1421407564,407994748,5,200,199,1624,20351000,0
43,1421407564,407994748,4,200,199,1530,20133000,0
44,1421407564,407994748,1,200,199,1624,15748000,0
44,1421407564,407994748,3,200,201,1808,20335000,0
44,1421407564,407994748,52,200,198,1787,20366000,1
44,1421407564,411994696,54,200,197,1275,20301000,0
44,1421407564,412994683,53,200,201,1412,20241000,0
45,1421407564,412994683,51,200,201,1533,20413000,0
45,1421407564,412994683,50,200,199,1326,5228000,0
45,1421407564,412994683,5,200,199,1624,20368000,0
45,1421407564,427994490,4,200,199,1530,20158000,0
45,1421407564,427994490,2,200,199,942,20212000,0
46,1421407564,428994477,1,200,199,1624,15823000,0
46,1421407564,428994477,3,200,201,1808,20464000,0
46,1421407564,428994477,51,200,201,1533,20260000,0
46,1421407564,432994426,53,200,201,1412,20420000,0
46,1421407564,432994426,52,200,199,1787,20212000,0
47,1421407564,432994426,54,200,198,1275,20555000,0
47,1421407564,432994426,50,200,199,1326,5143000,0
47,1421407564,432994426,5,200,199,1624,20275000,0
47,1421407564,448994220,2,200,199,942,20192000,0
47,1421407564,448994220,4,200,199,1530,20096000,0
48,1421407564,448994220,1,200,199,1624,15732000,0
48,1421407564,448994220,3,200,205,1860,20301000,0
48,1421407564,448994220,52,200,200,1804,20358000,0
48,1421407564,452994168,54,200,199,1275,20289000,0
48,1421407564,452994168,53,200,201,1412,20290000,0
49,1421407564,453994155,51,200,201,1533,20594000,0
49,1421407564,453994155,50,200,194,1275,5192000,0
49,1421407564,453994155,4,200,199,1536,20089000,0
49,1421407564,468993962,5,200,199,1624,20189000,0
49,1421407564,468993962,2,200,199,944,20324000,0
50,1421407564,468993962,1,200,199,1624,15576000,0
50,1421407564,468993962,3,200,204,1860,20287000,0
50,1421407564,468993962,52,200,200,1804,20109000,0
50,1421407564,473993898,51,200,201,1542,20283000,1
50,1421407564,473993898,54,200,199,1275,19982000,0
51,1421407564,473993898,53,200,201,1412,20394000,0
51,1421407564,473993898,50,200,195,1275,5111000,0
51,1421407564,473993898,5,200,199,1624,20270000,0
51,1421407564,488993705,2,200,199,944,20351000,0
51,1421407564,489993692,4,200,199,1536,20157000,0
52,1421407564,489993692,1,200,199,1624,15624000,0
52,1421407564,489993692,3,200,203,1860,20408000,0
52,1421407564,489993692,53,200,201,1412,20425000,1
52,1421407564,493993640,51,200,201,1542,20351000,3
52,1421407564,493993640,54,200,199,1284,20242000,3
53,1421407564,493993640,52,200,200,1804,20399000,0
53,1421407564,493993640,50,200,196,1275,5119000,0
53,1421407564,493993640,4,200,199,1536,20091000,0
53,1421407564,509993434,2,200,199,944,20305000,0
53,1421407564,509993434,5,200,199,1624,20239000,0
54,1421407564,509993434,1,200,199,1624,15687000,0
54,1421407564,509993434,3,200,209,1932,20363000,0
54,1421407564,509993434,54,200,199,1284,20419000,1
54,1421407564,513993383,51,200,201,1542,20263000,0
54,1421407564,513993383,52,200,200,1804,20411000,1
55,1421407564,513993383,53,200,201,1412,20467000,1
55,1421407564,513993383,50,200,197,1275,4948000,0
55,1421407564,514993370,4,200,199,1527,20096000,0
55,1421407564,529993177,5,200,199,1624,20271000,0
55,1421407564,529993177,2,200,199,946,20338000,0
56,1421407564,529993177,1,200,199,1624,15664000,0
56,1421407564,530993164,3,200,208,1932,20314000,0
56,1421407564,530993164,54,200,199,1284,20207000,0
56,1421407564,534993113,52,200,199,1786,20279000,0
56,1421407564,534993113,51,200,200,1541,20286000,0
57,1421407564,534993113,53,200,201,1412,20306000,0
57,1421407564,534993113,50,200,198,1275,4704000,0
57,1421407564,534993113,4,200,199,1527,20211000,0
57,1421407564,550992907,2,200,199,946,20251000,0
57,1421407564,550992907,5,200,199,1624,20432000,0
58,1421407564,550992907,1,200,199,1624,16084000,0
58,1421407564,550992907,3,200,207,1932,20540000,0
58,1421407564,550992907,54,200,196,1249,20179000,0
58,1421407564,554992855,52,200,199,1786,20257000,0
58,1421407564,554992855,51,200,200,1541,20344000,0
59,1421407564,554992855,53,200,201,1412,20263000,0
59,1421407564,554992855,50,200,199,1275,4713000,0
59,1421407564,554992855,4,200,199,1527,20125000,0
59,1421407564,570992649,5,200,199,1624,20387000,0
59,1421407564,570992649,2,200,199,946,20169000,0
60,1421407564,570992649,1,200,199,1624,16113000,0
60,1421407564,570992649,3,200,206,1932,20478000,0
60,1421407564,570992649,51,200,200,1541,20230000,0
60,1421407564,574992598,54,200,197,1249,20280000,0
60,1421407564,574992598,53,200,201,1412,20250000,0
61,1421407564,574992598,52,200,199,1786,20349000,0
61,1421407564,574992598,50,200,199,1275,4502001,0
61,1421407564,574992598,2,200,198,935,20436000,0
61,1421407564,590992392,4,200,198,1510,20009000,0
61,1421407564,591992379,1,200,199,1624,16246000,0
62,1421407564,591992379,3,200,210,1994,20432000,0
62,1421407564,591992379,5,200,199,1624,20798000,0
62,1421407564,591992379,54,200,198,1249,20111000,0
62,1421407564,594992340,52,200,196,1752,20099001,0
62,1421407564,595992327,53,200,201,1412,20157001,0
63,1421407564,595992327,51,200,201,1553,20263001,0
63,1421407564,595992327,50,200,199,1284,4327000,0
63,1421407564,595992327,2,200,199,935,20493000,0
63,1421407564,611992121,4,200,199,1510,20002000,0
63,1421407564,611992121,1,200,199,1624,21163000,1
64,1421407564,611992121,3,200,209,1994,20633000,0
64,1421407564,611992121,5,200,199,1624,21377000,2
64,1421407564,612992108,52,200,197,1752,20215001,0
64,1421407564,615992070,54,200,199,1249,20237000,0
64,1421407564,615992070,53,200,201,1412,20020001,0
65,1421407564,615992070,51,200,201,1553,20289001,0
65,1421407564,615992070,50,200,199,1284,4185001,0
65,1421407564,615992070,4,200,199,1510,20164001,0
65,1421407564,632991851,2,200,199,935,20572001,0
65,1421407564,632991851,3,200,208,1994,20711000,1
66,1421407564,632991851,1,200,199,1624,20832000,2
66,1421407564,632991851,5,200,199,1624,20703000,0
66,1421407564,632991851,52,200,198,1752,20405001,0
66,1421407564,635991812,54,200,199,1249,20482000,2
66,1421407564,636991799,53,200,201,1412,20380001,4
67,1421407564,636991799,51,200,201,1553,20348001,0
67,1421407564,636991799,50,200,199,1284,3952001,0
67,1421407564,636991799,2,200,199,935,20472000,0
67,1421407564,652991593,4,200,199,1510,20006000,0
67,1421407564,652991593,3,200,211,2049,20409000,0
68,1421407564,653991581,5,200,199,1624,20480001,0
68,1421407564,653991581,1,200,199,1624,20663000,0
68,1421407564,653991581,54,200,199,1249,20150001,0
68,1421407564,655991555,53,200,201,1412,20330001,0
68,1421407564,655991555,51,200,201,1553,20321001,3
69,1421407564,655991555,52,200,199,1758,19964001,0
69,1421407564,656991542,50,200,196,1249,3703001,0
69,1421407564,656991542,2,200,199,939,20518001,0
69,1421407564,673991323,5,200,199,1624,20563000,1
69,1421407564,673991323,4,200,199,1508,20461001,0
70,1421407564,673991323,3,200,209,2049,20636001,0
70,1421407564,673991323,1,200,199,1624,21071001,1
70,1421407564,673991323,54,200,199,1249,20176001,0
70,1421407564,676991284,51,200,201,1559,20242001,0
70,1421407564,676991284,52,200,199,1758,20455001,4
71,1421407564,676991284,53,200,201,1412,20347001,0
71,1421407564,676991284,50,200,197,1249,3201001,0
71,1421407564,676991284,2,200,199,939,20712001,0
71,1421407564,693991066,5,200,199,1624,21361001,1
71,1421407564,693991066,4,200,199,1508,21162001,0
72,1421407564,694991053,3,200,208,2049,21110001,1
72,1421407564,694991053,1,200,199,1624,20504001,0
72,1421407564,694991053,52,200,199,1758,20202001,0
72,1421407564,696991027,53,200,201,1412,20316001,2
72,1421407564,696991027,51,200,201,1559,20251001,0
73,1421407564,696991027,54,200,199,1251,20306001,0
73,1421407564,696991027,50,200,198,1249,2793001,0
73,1421407564,696991027,2,200,199,939,19988001,0
73,1421407564,714990795,3,200,207,2053,20478001,0
73,1421407564,714990795,5,200,199,1624,20384001,0
74,1421407564,714990795,4,200,199,1508,21149001,1
74,1421407564,714990795,1,200,199,1624,18228001,0
74,1421407564,714990795,51,200,201,1559,20307001,3
74,1421407564,716990769,54,200,199,1251,20265001,0
74,1421407564,716990769,53,200,201,1412,20210001,0
75,1421407564,716990769,52,200,199,1758,20276001,0
75,1421407564,716990769,50,200,199,1249,2430001,0
75,1421407564,717990757,4,200,199,1501,20124001,0
75,1421407564,735990525,2,200,199,947,20224001,0
75,1421407564,735990525,3,200,206,2053,20594001,0
76,1421407564,735990525,1,200,199,1624,20628001,4
76,1421407564,735990525,5,200,199,1624,20729001,0
76,1421407564,735990525,51,200,201,1567,20239001,0
76,1421407564,735990525,54,200,199,1251,20180001,0
76,1421407564,736990512,53,200,201,1412,20278001,0
77,1421407564,736990512,52,200,197,1735,20277001,0
77,1421407564,737990499,50,200,199,1249,20424001,1
77,1421407564,737990499,2,200,199,947,20872001,1
77,1421407564,755990267,4,200,199,1501,20283001,0
77,1421407564,755990267,1,200,199,1624,21089001,1
78,1421407564,755990267,3,200,205,2053,20875001,2
78,1421407564,756990254,5,200,199,1624,19050001,0
78,1421407564,756990254,53,200,201,1412,20237001,0
78,1421407564,756990254,52,200,198,1735,20157001,0
78,1421407564,756990254,51,200,201,1567,20172001,0
79,1421407564,756990254,54,200,197,1221,20283001,0
79,1421407564,756990254,50,200,199,1249,1734001,0
79,1421407564,756990254,3,200,204,2053,20369001,0
79,1421407564,776989997,1,200,199,1624,20169001,0
79,1421407564,776989997,4,200,199,1501,20373001,0
80,1421407564,776989997,2,200,199,947,20278001,0
80,1421407564,776989997,5,200,199,1624,20370001,1
80,1421407564,776989997,53,200,201,1412,20136001,0
80,1421407564,776989997,51,200,201,1567,20151001,0
80,1421407564,776989997,54,200,198,1221,20093001,0
81,1421407564,777989984,52,200,199,1735,20268001,0
81,1421407564,777989984,50,200,199,1249,20385001,4
81,1421407564,777989984,4,200,199,1496,20344001,0
81,1421407564,796989740,2,200,199,941,20361001,0
81,1421407564,796989740,1,200,199,1624,20361001,0
82,1421407564,796989740,3,200,202,2048,20345001,0
82,1421407564,796989740,5,200,199,1624,19034001,0
82,1421407564,797989727,51,200,202,1587,20094001,0
82,1421407564,797989727,52,200,198,1717,20237001,0
82,1421407564,797989727,54,200,199,1221,20231001,0
83,1421407564,797989727,53,200,201,1412,20296001,0
83,1421407564,797989727,50,200,199,1251,1234001,0
83,1421407564,797989727,2,200,199,941,20327001,0
83,1421407564,816989482,1,200,199,1624,20386001,0
83,1421407564,817989469,3,200,201,2048,20206001,0
84,1421407564,817989469,4,200,199,1496,20357001,0
84,1421407564,817989469,5,200,193,1557,20434001,1
84,1421407564,817989469,53,200,201,1412,20116001,0
84,1421407564,817989469,54,200,199,1218,20245001,0
84,1421407564,817989469,52,200,199,1717,20192001,0
85,1421407564,817989469,51,200,201,1587,20142001,0
85,1421407564,817989469,50,200,199,1251,1047001,0
85,1421407564,817989469,4,200,199,1496,20348001,0
85,1421407564,837989212,2,200,199,941,20196001,0
85,1421407564,837989212,3,200,201,2048,20201001,0
86,1421407564,837989212,5,200,194,1557,19444001,0
86,1421407564,837989212,1,200,193,1557,20566001,0
86,1421407564,837989212,51,200,201,1587,20303001,4
86,1421407564,837989212,54,200,199,1218,20207001,0
86,1421407564,837989212,53,200,205,1471,20192001,0
87,1421407564,838989199,52,200,199,1717,20363001,0
87,1421407564,838989199,50,200,199,1251,20388001,1
87,1421407564,838989199,3,200,200,2038,20381001,0
87,1421407564,857988954,2,200,199,941,20305001,0
87,1421407564,857988954,4,200,199,1496,20531001,0
88,1421407564,858988941,5,200,195,1557,20660001,1
88,1421407564,858988941,53,200,204,1471,20945001,1
88,1421407564,858988941,51,200,201,1587,20110001,0
88,1421407564,858988941,1,200,194,1557,20700001,0
88,1421407564,858988941,54,200,199,1218,20262001,0
89,1421407564,858988941,52,200,200,1734,21034001,4
89,1421407564,858988941,50,200,197,1221,956001,0
89,1421407564,858988941,3,200,200,2038,19920001,0
89,1421407564,878988684,4,200,199,1502,20302001,0
89,1421407564,878988684,53,200,203,1471,20107001,0
90,1421407564,878988684,51,200,201,1595,20546001,5
90,1421407564,878988684,2,200,199,941,20455001,0
90,1421407564,878988684,52,200,200,1734,20678001,1
90,1421407564,878988684,54,200,199,1218,20496001,1
90,1421407564,878988684,50,200,198,1221,809001,0
91,1421407564,879988671,5,200,196,1557,20302001,0
91,1421407564,879988671,1,200,195,1557,20307001,0
91,1421407564,879988671,51,200,201,1595,20607001,3
91,1421407564,898988426,3,200,200,2038,20126001,0
91,1421407564,898988426,52,200,200,1734,20673001,3
92,1421407564,899988413,54,200,198,1207,20697001,7
92,1421407564,899988413,53,200,202,1471,20761001,4
92,1421407564,899988413,50,200,199,1221,20783001,2
92,1421407564,899988413,2,200,199,941,21072001,1
92,1421407564,899988413,4,200,199,1502,20735001,3
93,1421407564,899988413,5,200,197,1557,21013001,1
93,1421407564,899988413,1,200,196,1557,20677001,0
93,1421407564,899988413,51,200,201,1595,20290001,0
93,1421407564,919988156,52,200,200,1734,20212001,0
93,1421407564,919988156,53,200,201,1471,20526001,1
94,1421407564,919988156,54,200,199,1207,20520001,1
94,1421407564,919988156,3,200,199,2035,19907001,0
94,1421407564,919988156,50,200,199,1218,20347001,2
94,1421407564,919988156,5,200,198,1557,20525001,1
94,1421407564,919988156,4,200,199,1502,20711001,0
95,1421407564,919988156,2,200,199,941,21013001,1
95,1421407564,919988156,1,200,197,1557,20597001,0
95,1421407564,919988156,53,200,201,1471,20331001,4
95,1421407564,939987898,52,200,198,1706,20453001,1
95,1421407564,939987898,51,200,201,1611,20376001,0
96,1421407564,939987898,54,200,199,1207,20562001,3
96,1421407564,940987886,3,200,199,2035,19865001,0
96,1421407564,940987886,50,200,199,1218,20762001,5
96,1421407564,940987886,5,200,199,1557,20351001,1
96,1421407564,940987886,2,200,200,959,20194001,0
97,1421407564,940987886,4,200,199,1502,20128001,0
97,1421407564,940987886,1,200,198,1557,20218001,0
97,1421407564,940987886,51,200,201,1611,20174001,0
97,1421407564,959987641,52,200,199,1706,20141001,0
97,1421407564,960987628,53,200,201,1471,20053001,0
98,1421407564,960987628,54,200,197,1180,20349001,0
98,1421407564,960987628,50,200,199,1218,20155001,0
98,1421407564,960987628,3,200,199,2035,20584001,1
98,1421407564,960987628,2,200,200,959,20943001,7
98,1421407564,960987628,4,200,199,1502,21183001,9
99,1421407564,960987628,1,200,199,1557,20960001,3
99,1421407564,960987628,5,200,199,1557,21191001,3
99,1421407564,960987628,52,200,199,1706,20161001,0
99,1421407564,980987371,51,200,201,1611,20230001,0
99,1421407564,980987371,54,200,198,1180,20167001,0
100,1421407564,980987371,53,200,201,1471,20243001,0
100,1421407564,980987371,50,200,199,1218,20229001,0
100,1421407564,980987371,3,200,199,2035,20638001,0
100,1421407564,980987371,2,200,200,959,20350001,0
100,1421407564,980987371,4,200,199,1502,20170001,0
101,1421407564,981987358,1,200,199,1557,1056001,0
101,1421407564,981987358,5,200,199,1557,20674001,0
101,1421407564,981987358,51,200,200,1603,20264002,0
101,1421407565,999988,54,200,199,1180,20308002,0
101,1421407565,999988,53,200,201,1471,20278001,0
102,1421407565,999988,52,200,197,1680,20428002,0
102,1421407565,999988,50,200,198,1207,19974002,0
102,1421407565,1999975,3,200,201,2056,20445001,0
102,1421407565,1999975,4,200,199,1504,20494001,0
102,1421407565,1999975,2,200,200,961,20912001,5
103,1421407565,1999975,1,200,199,1557,20629001,4
103,1421407565,1999975,5,200,199,1557,1004001,0
103,1421407565,1999975,54,200,199,1177,20234002,0
103,1421407565,20999730,53,200,201,1471,20128001,0
103,1421407565,20999730,52,200,198,1680,20188002,0
104,1421407565,21999717,51,200,200,1603,20350002,0
104,1421407565,21999717,50,200,199,1207,19674002,0
104,1421407565,21999717,3,200,201,2056,20181001,0
104,1421407565,21999717,1,200,199,1557,20229001,0
104,1421407565,21999717,2,200,200,961,20067001,0
105,1421407565,21999717,4,200,199,1504,20053001,0
105,1421407565,21999717,5,200,199,1557,20238001,1
105,1421407565,21999717,51,200,200,1603,20330002,0
105,1421407565,42999447,52,200,199,1680,20337002,0
105,1421407565,42999447,54,200,199,1177,20356001,0
106,1421407565,42999447,53,200,201,1471,20438002,0
106,1421407565,42999447,50,200,199,1207,19474002,0
106,1421407565,42999447,3,200,201,2056,20078001,0
106,1421407565,42999447,1,200,199,1557,20217002,0
106,1421407565,42999447,2,200,200,961,20188002,0
107,1421407565,42999447,4,200,199,1504,20224001,0
107,1421407565,43999434,5,200,199,1557,20406001,1
107,1421407565,43999434,52,200,199,1684,20184002,0
107,1421407565,62999189,53,200,201,1471,20196002,0
107,1421407565,62999189,54,200,199,1177,20084002,0
108,1421407565,62999189,51,200,200,1603,20069002,0
108,1421407565,62999189,50,200,197,1180,19314002,0
108,1421407565,62999189,2,200,200,961,20344001,2
108,1421407565,62999189,1,200,199,1557,20564002,1
108,1421407565,63999177,3,200,203,2091,20486002,1
109,1421407565,63999177,4,200,199,1504,20649002,1
109,1421407565,63999177,5,200,199,1557,20332001,1
109,1421407565,63999177,51,200,200,1604,20068002,0
109,1421407565,82998932,52,200,199,1684,20086002,0
109,1421407565,82998932,54,200,199,1177,20155002,0
110,1421407565,82998932,53,200,201,1471,20270002,0
110,1421407565,82998932,50,200,198,1180,19148002,0
110,1421407565,82998932,1,200,199,1557,20239002,0
110,1421407565,82998932,4,200,199,1509,20144002,0
110,1421407565,83998919,3,200,202,2091,20303002,0
111,1421407565,83998919,2,200,199,960,20299002,0
111,1421407565,83998919,5,200,190,1458,20394002,0
111,1421407565,84998906,52,200,199,1684,20131002,0
111,1421407565,102998674,51,200,200,1604,20204002,0
111,1421407565,102998674,54,200,198,1162,20256002,0
112,1421407565,102998674,50,200,199,1180,18903002,0
112,1421407565,102998674,53,200,201,1471,20389002,2
112,1421407565,103998662,3,200,201,2091,20322002,0
112,1421407565,103998662,4,200,199,1509,20181002,0
112,1421407565,103998662,1,200,190,1458,20329002,0
113,1421407565,103998662,2,200,199,960,20302002,0
113,1421407565,103998662,5,200,191,1458,1460002,0
113,1421407565,104998649,54,200,199,1162,20160002,0
113,1421407565,123998404,52,200,199,1684,20302002,0
113,1421407565,123998404,50,200,199,1177,20325002,2
114,1421407565,123998404,53,200,201,1471,20153002,0
114,1421407565,123998404,51,200,200,1604,20365002,0
114,1421407565,123998404,1,200,191,1458,20349002,0
114,1421407565,123998404,2,200,199,960,20224002,0
114,1421407565,123998404,4,200,199,1509,20191002,0
115,1421407565,123998404,3,200,202,2113,20406002,0
115,1421407565,123998404,5,200,192,1458,20487002,2
115,1421407565,124998391,54,200,199,1162,20557002,2
115,1421407565,143998147,53,200,201,1471,20402002,3
115,1421407565,143998147,52,200,197,1659,20390002,0
116,1421407565,143998147,50,200,199,1177,20548002,3
116,1421407565,143998147,51,200,201,1626,20679002,1
116,1421407565,143998147,1,200,192,1458,20367002,0
116,1421407565,143998147,2,200,199,963,20240002,0
116,1421407565,144998134,3,200,201,2113,20403002,0
117,1421407565,144998134,4,200,199,1503,20211002,0
117,1421407565,145998121,5,200,193,1458,20483002,2
117,1421407565,145998121,50,200,199,1177,20139002,0
117,1421407565,165997863,54,200,197,1135,20204002,0
117,1421407565,165997863,51,200,201,1626,20359002,4
118,1421407565,165997863,52,200,198,1659,20369002,0
118,1421407565,165997863,53,200,201,1471,18678002,0
118,1421407565,165997863,3,200,201,2113,20259002,0
118,1421407565,165997863,4,200,199,1503,20152002,0
118,1421407565,165997863,1,200,193,1458,20317002,0
119,1421407565,166997850,2,200,199,963,20346002,0
119,1421407565,166997850,5,200,194,1458,1619002,0
119,1421407565,166997850,50,200,199,1177,20187002,0
119,1421407565,184997619,54,200,198,1135,20187002,0
119,1421407565,184997619,51,200,201,1626,20347002,0
120,1421407565,184997619,53,200,201,1471,20635002,5
120,1421407565,184997619,52,200,199,1659,18808002,0
120,1421407565,184997619,4,200,199,1503,20173002,0
120,1421407565,185997606,2,200,199,963,20360002,0
120,1421407565,185997606,3,200,201,2113,20194002,0
121,1421407565,185997606,1,200,194,1458,20343002,0
121,1421407565,186997593,5,200,195,1458,1644002,0
121,1421407565,186997593,51,200,201,1639,20565002,2
121,1421407565,204997361,52,200,198,1645,20643002,5
121,1421407565,204997361,53,200,201,1471,20211002,0
122,1421407565,204997361,54,200,199,1135,20238002,0
122,1421407565,204997361,50,200,198,1162,18767002,0
122,1421407565,204997361,2,200,199,963,20201002,0
122,1421407565,206997335,4,200,199,1502,20198002,0
122,1421407565,206997335,1,200,195,1458,20334002,0
123,1421407565,206997335,3,200,201,2116,20349002,0
123,1421407565,206997335,5,200,196,1458,1661002,0
123,1421407565,206997335,51,200,201,1639,20469002,0
123,1421407565,224997104,52,200,199,1645,20331002,0
123,1421407565,225997091,53,200,201,1471,20318002,0
124,1421407565,225997091,50,200,199,1162,20795002,2
124,1421407565,225997091,54,200,199,1128,21218002,2
124,1421407565,225997091,2,200,199,963,20332002,0
124,1421407565,225997091,1,200,196,1458,20278002,0
124,1421407565,225997091,4,200,199,1502,20127002,0
125,1421407565,225997091,3,200,201,2116,20320002,0
125,1421407565,225997091,5,200,197,1458,1680002,0
125,1421407565,226997078,51,200,201,1639,20005000,0
125,1421407565,245996833,52,200,199,1645,20044000,0
125,1421407565,245996833,53,200,207,1545,19900000,0
126,1421407565,245996833,50,200,199,1162,20307000,0
126,1421407565,245996833,54,200,199,1128,19151000,0
126,1421407565,245996833,4,200,199,1502,20034002,0
126,1421407565,245996833,2,200,199,963,20233002,0
126,1421407565,245996833,3,200,201,2116,20095002,0
127,1421407565,246996820,1,200,197,1458,20232002,0
127,1421407565,246996820,5,200,198,1458,1430002,0
127,1421407565,246996820,52,200,199,1654,20271000,0
127,1421407565,265996576,51,200,201,1639,20289000,0
127,1421407565,265996576,53,200,206,1545,20201000,0
128,1421407565,265996576,50,200,197,1135,20201000,0
128,1421407565,265996576,54,200,199,1128,20353000,1
128,1421407565,266996563,3,200,201,2120,20254002,0
128,1421407565,266996563,4,200,199,1502,20243002,0
128,1421407565,266996563,1,200,198,1458,20252002,0
129,1421407565,266996563,2,200,199,963,20202002,0
129,1421407565,266996563,5,200,199,1458,20362002,5
129,1421407565,267996550,52,200,199,1654,20279000,0
129,1421407565,285996318,51,200,200,1634,20416000,1
129,1421407565,285996318,53,200,205,1545,20320000,0
130,1421407565,286996306,50,200,198,1135,20557000,2
130,1421407565,286996306,54,200,199,1128,20516000,1
130,1421407565,286996306,3,200,201,2120,20293000,0
130,1421407565,286996306,1,200,199,1458,20350000,0
130,1421407565,286996306,4,200,201,1523,20329000,0
131,1421407565,286996306,2,200,199,964,20302000,0
131,1421407565,286996306,5,200,199,1458,1394000,0
131,1421407565,287996293,52,200,199,1654,20036000,0
131,1421407565,306996048,51,200,200,1634,20385000,1
131,1421407565,306996048,53,200,204,1545,20518000,2
132,1421407565,306996048,50,200,199,1135,20540000,1
132,1421407565,306996048,54,200,199,1118,19126000,0
132,1421407565,306996048,3,200,201,2120,20091000,0
132,1421407565,306996048,2,200,199,964,20253000,0
132,1421407565,306996048,1,200,199,1458,20176000,0
133,1421407565,306996048,5,200,199,1458,20497000,2
133,1421407565,306996048,4,200,201,1523,1430000,0
133,1421407565,307996035,52,200,199,1654,20168000,0
133,1421407565,326995791,51,200,200,1634,20271000,0
133,1421407565,326995791,53,200,203,1545,20332000,0
134,1421407565,326995791,50,200,199,1128,20818000,1
134,1421407565,326995791,54,200,199,1118,20371000,3
134,1421407565,327995778,1,200,199,1458,20188000,0
134,1421407565,327995778,3,200,201,2129,20195000,0
134,1421407565,327995778,2,200,199,964,20280000,0
135,1421407565,327995778,4,200,201,1523,20713000,1
135,1421407565,328995765,5,200,199,1458,1699000,0
135,1421407565,328995765,51,200,201,1644,20695000,2
135,1421407565,347995520,52,200,199,1657,20594000,0
135,1421407565,347995520,53,200,202,1545,20827000,1
136,1421407565,347995520,50,200,199,1128,20521000,0
136,1421407565,347995520,54,200,199,1118,20729000,1
136,1421407565,347995520,3,200,201,2129,19866000,0
136,1421407565,347995520,1,200,199,1458,19864000,0
136,1421407565,347995520,2,200,200,977,20315000,0
137,1421407565,347995520,4,200,202,1549,20576000,1
137,1421407565,347995520,5,200,199,1458,20732000,4
137,1421407565,348995507,52,200,199,1657,20300000,0
137,1421407565,367995263,51,200,201,1644,20112000,0
137,1421407565,367995263,53,200,201,1545,20437000,0
138,1421407565,367995263,54,200,198,1104,19398000,0
138,1421407565,367995263,50,200,199,1128,20339000,0
138,1421407565,368995250,1,200,199,1458,20325000,0
138,1421407565,368995250,2,200,200,977,20312000,0
138,1421407565,368995250,3,200,201,2129,20350000,0
139,1421407565,368995250,5,200,188,1339,1217000,0
139,1421407565,368995250,4,200,201,1549,20543000,2
139,1421407565,368995250,52,200,199,1657,20162000,0
139,1421407565,388994992,54,200,199,1104,20494000,3
139,1421407565,388994992,53,200,201,1545,20520000,0
140,1421407565,388994992,51,200,201,1644,20915000,1
140,1421407565,388994992,50,200,199,1128,20886000,3
140,1421407565,388994992,3,200,201,2129,20186000,0
140,1421407565,388994992,1,200,188,1339,20260000,0
140,1421407565,388994992,2,200,200,977,20260000,0
141,1421407565,389994979,5,200,189,1339,20376000,4
141,1421407565,389994979,4,200,201,1549,20132000,0
141,1421407565,389994979,52,200,197,1635,20263000,0
141,1421407565,408994735,54,200,199,1104,20876000,2
141,1421407565,408994735,51,200,201,1656,21051000,2
142,1421407565,409994722,2,200,201,990,20981000,2
142,1421407565,409994722,50,200,199,1118,20871000,0
142,1421407565,409994722,1,200,189,1339,20947000,2
142,1421407565,409994722,4,200,201,1558,21044000,4
142,1421407565,409994722,3,200,201,2145,21233000,3
143,1421407565,409994722,53,200,201,1545,20930000,0
143,1421407565,409994722,5,200,190,1339,21218000,3
143,1421407565,409994722,54,200,198,1086,20342000,0
143,1421407565,429994464,52,200,198,1635,20652000,1
143,1421407565,429994464,51,200,201,1656,20320000,0
144,1421407565,429994464,2,200,201,990,20769000,2
144,1421407565,429994464,4,200,201,1558,20665000,1
144,1421407565,429994464,50,200,199,1118,21439000,4
144,1421407565,429994464,53,200,201,1545,20266000,0
144,1421407565,429994464,1,200,190,1339,20461000,0
145,1421407565,430994452,3,200,201,2145,20284000,0
145,1421407565,430994452,5,200,191,1339,20657000,0
145,1421407565,430994452,54,200,199,1086,20133000,0
145,1421407565,449994207,52,200,199,1635,20400000,0
145,1421407565,449994207,51,200,201,1656,20448000,0
146,1421407565,449994207,4,200,201,1558,20682000,1
146,1421407565,449994207,2,200,201,990,20381000,0
146,1421407565,450994194,50,200,199,1118,19654000,0
146,1421407565,450994194,53,200,201,1545,20247000,0
146,1421407565,450994194,1,200,191,1339,20494000,1
147,1421407565,450994194,5,200,192,1339,655000,0
147,1421407565,450994194,3,200,201,2145,20851000,1
147,1421407565,450994194,54,200,199,1086,20069000,0
147,1421407565,470993937,52,200,199,1631,20374000,0
147,1421407565,470993937,51,200,201,1656,20048000,0
148,1421407565,470993937,53,200,201,1545,20251000,0
148,1421407565,470993937,50,200,198,1104,19771000,0
148,1421407565,470993937,2,200,201,990,20650000,1
148,1421407565,470993937,4,200,201,1558,20617000,1
148,1421407565,470993937,3,200,202,2171,20808000,2
149,1421407565,470993937,1,200,192,1339,20326000,0
149,1421407565,470993937,5,200,193,1339,20898000,10
149,1421407565,470993937,54,200,199,1086,19775000,0
149,1421407565,490993679,52,200,199,1631,20220000,0
149,1421407565,490993679,51,200,202,1682,19920000,0
150,1421407565,490993679,53,200,201,1545,19992000,0
150,1421407565,490993679,50,200,199,1104,19839000,0
150,1421407565,490993679,2,200,201,1003,20366000,0
150,1421407565,491993666,3,200,201,2171,20346000,0
150,1421407565,491993666,1,200,193,1339,20533000,1
151,1421407565,491993666,4,200,199,1544,20919000,1
151,1421407565,491993666,5,200,185,1258,20461000,0
151,1421407565,491993666,54,200,199,1076,19774000,0
151,1421407565,510993422,52,200,199,1631,20203000,0
151,1421407565,510993422,51,200,201,1682,20349000,1
152,1421407565,510993422,50,200,199,1104,19989000,0
152,1421407565,511993409,53,200,201,1545,20051000,0
152,1421407565,511993409,2,200,201,1003,20160000,0
152,1421407565,511993409,4,200,199,1544,20249000,0
152,1421407565,511993409,1,200,185,1258,20636000,2
153,1421407565,511993409,5,200,186,1258,20287000,0
153,1421407565,511993409,3,200,201,2171,20481000,0
153,1421407565,511993409,52,200,199,1631,20213000,0
153,1421407565,531993151,54,200,199,1076,19889000,0
153,1421407565,531993151,51,200,201,1682,20012000,0
154,1421407565,531993151,50,200,198,1086,20124000,0
154,1421407565,531993151,53,200,201,1545,20068000,0
154,1421407565,531993151,2,200,201,1003,20221000,0
154,1421407565,531993151,1,200,186,1258,20561000,1
154,1421407565,531993151,4,200,199,1544,20255000,0
155,1421407565,531993151,3,200,201,2186,20226000,0
155,1421407565,531993151,5,200,187,1258,20280000,0
155,1421407565,531993151,54,200,199,1076,20174001,0
155,1421407565,551992894,52,200,199,1634,20485000,0
155,1421407565,551992894,51,200,200,1677,20566000,3
156,1421407565,551992894,50,200,199,1086,20214000,0
156,1421407565,552992881,53,200,201,1545,20547000,0
156,1421407565,552992881,3,200,201,2186,20758000,4
156,1421407565,552992881,5,200,188,1258,20910000,5
156,1421407565,552992881,4,200,199,1534,20337000,1
157,1421407565,552992881,1,200,187,1258,20849000,1
157,1421407565,552992881,2,200,201,1004,20997000,3
157,1421407565,552992881,50,200,199,1086,20200000,0
157,1421407565,571992636,51,200,200,1677,20114000,0
157,1421407565,572992623,52,200,199,1634,20270001,0
158,1421407565,572992623,54,200,199,1069,20080001,0
158,1421407565,572992623,53,200,201,1545,20128000,0
158,1421407565,572992623,3,200,201,2186,20287000,0
158,1421407565,572992623,5,200,189,1258,20267000,0
158,1421407565,572992623,4,200,199,1534,20927000,3
159,1421407565,572992623,2,200,201,1004,20464000,0
159,1421407565,572992623,1,200,188,1258,21003000,1
159,1421407565,572992623,52,200,199,1634,20345000,0
159,1421407565,592992366,50,200,199,1086,20349000,0
159,1421407565,592992366,54,200,199,1069,20496001,2
160,1421407565,592992366,51,200,200,1677,20525001,0
160,1421407565,592992366,53,200,201,1545,20585000,1
160,1421407565,592992366,3,200,201,2186,20202000,0
160,1421407565,592992366,4,200,199,1534,20776000,1
160,1421407565,592992366,2,200,201,1004,20310000,0
161,1421407565,593992353,1,200,189,1258,20295000,0
161,1421407565,593992353,5,200,190,1258,20339000,0
161,1421407565,593992353,51,200,200,1683,20592001,1
161,1421407565,612992108,52,200,197,1605,20358001,0
161,1421407565,612992108,50,200,199,1076,20547000,0
162,1421407565,613992096,54,200,199,1069,20651001,2
162,1421407565,613992096,3,200,201,2191,20176000,0
162,1421407565,613992096,4,200,199,1530,20356001,1
162,1421407565,613992096,5,200,191,1258,20241000,0
162,1421407565,613992096,53,200,201,1545,20211001,0
163,1421407565,613992096,2,200,201,1017,20233000,0
163,1421407565,613992096,1,200,190,1258,20793000,1
163,1421407565,613992096,51,200,200,1683,20298000,2
163,1421407565,633991838,52,200,198,1605,20574001,1
163,1421407565,633991838,50,200,199,1076,20711000,2
164,1421407565,633991838,54,200,197,1043,20855001,1
164,1421407565,633991838,53,200,201,1545,20606001,1
164,1421407565,633991838,4,200,199,1530,20762000,2
164,1421407565,633991838,2,200,201,1017,20812001,1
164,1421407565,633991838,1,200,191,1258,20469001,1
165,1421407565,633991838,3,200,201,2191,20895001,3
165,1421407565,633991838,5,200,186,1203,20939000,3
165,1421407565,633991838,51,200,200,1683,19908001,0
165,1421407565,653991581,52,200,199,1605,20249001,0
165,1421407565,653991581,54,200,198,1043,20005001,0
166,1421407565,653991581,50,200,199,1076,20394001,0
166,1421407565,653991581,53,200,201,1545,20168001,0
166,1421407565,654991568,4,200,199,1530,20249001,0
166,1421407565,654991568,2,200,201,1017,20368000,1
166,1421407565,654991568,1,200,186,1203,20512001,2
167,1421407565,654991568,5,200,187,1203,20915001,1
167,1421407565,654991568,3,200,201,2191,20390001,0
167,1421407565,654991568,51,200,200,1683,20126001,0
167,1421407565,673991323,52,200,199,1597,20419001,1
167,1421407565,674991310,54,200,199,1043,20480001,2
168,1421407565,674991310,53,200,201,1545,20363001,3
168,1421407565,674991310,50,200,199,1069,19827001,0
168,1421407565,674991310,4,200,199,1530,20220000,0
168,1421407565,674991310,3,200,201,2199,20250001,5
168,1421407565,674991310,5,200,188,1203,20196000,0
169,1421407565,674991310,1,200,187,1203,20214001,0
169,1421407565,674991310,2,200,201,1017,20269000,0
169,1421407565,675991297,54,200,199,1043,20492001,2
169,1421407565,694991053,52,200,199,1597,20221001,0
169,1421407565,694991053,53,200,201,1545,20232001,0
170,1421407565,694991053,50,200,199,1069,19761001,0
170,1421407565,694991053,51,200,201,1704,20472001,0
170,1421407565,694991053,5,200,189,1203,20128001,0
170,1421407565,694991053,3,200,201,2199,20731001,3
170,1421407565,694991053,4,200,201,1551,20642001,2
171,1421407565,694991053,1,200,188,1203,20344001,1
171,1421407565,695991040,2,200,201,1027,20634001,2
171,1421407565,695991040,54,200,198,1029,20263001,0
171,1421407565,714990795,52,200,199,1597,20400001,1
171,1421407565,714990795,51,200,201,1704,19882001,0
172,1421407565,714990795,53,200,201,1545,20352001,3
172,1421407565,714990795,50,200,199,1069,20565001,5
172,1421407565,714990795,5,200,190,1203,20627001,2
172,1421407565,715990782,2,200,201,1027,20688001,1
172,1421407565,715990782,4,200,201,1551,20669001,2
173,1421407565,715990782,1,200,189,1203,20841001,1
173,1421407565,715990782,3,200,201,2199,20291001,0
173,1421407565,715990782,54,200,199,1029,20511001,0
173,1421407565,735990525,53,200,201,1545,20559001,0
173,1421407565,735990525,51,200,201,1704,20464001,5
174,1421407565,735990525,52,200,199,1597,20672001,0
174,1421407565,735990525,50,200,197,1043,20405001,0
174,1421407565,735990525,5,200,191,1203,20726001,2
174,1421407565,735990525,2,200,201,1027,20686001,4
174,1421407565,735990525,4,200,201,1551,20732001,2
175,1421407565,735990525,1,200,190,1203,20850001,4
175,1421407565,735990525,3,200,199,2180,20514001,1
175,1421407565,736990512,51,200,200,1702,20287001,0
175,1421407565,755990267,53,200,201,1545,20327001,0
175,1421407565,755990267,54,200,199,1029,20639001,1
176,1421407565,755990267,52,200,199,1589,20705001,1
176,1421407565,755990267,50,200,198,1043,20509001,1
176,1421407565,755990267,5,200,192,1203,20361001,0
176,1421407565,756990254,2,200,201,1037,20147001,0
176,1421407565,756990254,4,200,201,1570,20281001,0
177,1421407565,756990254,3,200,199,2180,20601001,9
177,1421407565,756990254,1,200,191,1203,20388001,0
177,1421407565,756990254,54,200,199,1023,20438001,3
177,1421407565,775990010,53,200,207,1622,20263001,0
177,1421407565,775990010,51,200,200,1702,20356001,0
178,1421407565,775990010,52,200,199,1589,20070001,0
178,1421407565,776989997,50,200,199,1043,20030001,0
178,1421407565,776989997,5,200,187,1148,20254001,0
178,1421407565,776989997,3,200,199,2180,20241001,0
178,1421407565,776989997,4,200,201,1570,20355001,0
179,1421407565,776989997,1,200,192,1203,20373001,0
179,1421407565,776989997,2,200,201,1037,20342001,0
179,1421407565,776989997,53,200,206,1622,20347001,2
179,1421407565,795989752,51,200,200,1702,20151001,0
179,1421407565,796989740,52,200,199,1589,20424001,5
180,1421407565,796989740,54,200,199,1023,20321001,0
180,1421407565,796989740,50,200,199,1043,19873001,0
180,1421407565,796989740,4,200,201,1570,20411001,0
180,1421407565,796989740,2,200,201,1037,20426001,1
180,1421407565,796989740,1,200,187,1148,20483001,1
181,1421407565,796989740,3,200,199,2180,20399001,0
181,1421407565,796989740,5,200,188,1148,20426001,0
181,1421407565,797989727,52,200,199,1589,20076001,0
181,1421407565,816989482,54,200,199,1023,20215001,0
181,1421407565,816989482,51,200,201,1715,20189001,0
182,1421407565,816989482,53,200,205,1622,20146001,0
182,1421407565,816989482,50,200,198,1029,19892001,0
182,1421407565,816989482,1,200,188,1148,20202001,0
182,1421407565,816989482,3,200,198,2167,20198001,0
182,1421407565,817989469,5,200,189,1148,20226001,0
183,1421407565,817989469,4,200,201,1577,20376001,0
183,1421407565,817989469,2,200,201,1047,552001,0
183,1421407565,817989469,52,200,199,1589,20178001,0
183,1421407565,836989225,54,200,197,999,20267001,0
183,1421407565,836989225,53,200,204,1622,19481001,0
184,1421407565,836989225,51,200,201,1715,20461001,0
184,1421407565,836989225,50,200,199,1029,20462001,2
184,1421407565,837989212,5,200,190,1148,20283001,0
184,1421407565,837989212,3,200,199,2167,20179001,0
184,1421407565,837989212,1,200,189,1148,20230001,0
185,1421407565,837989212,2,200,201,1047,666001,0
185,1421407565,837989212,4,200,201,1577,20212001,0
185,1421407565,837989212,52,200,199,1589,20117001,0
185,1421407565,856988967,54,200,198,999,20079001,0
185,1421407565,857988954,51,200,201,1715,20238001,0
186,1421407565,857988954,50,200,199,1029,20526001,1
186,1421407565,857988954,53,200,203,1622,20390001,1
186,1421407565,857988954,3,200,199,2167,20398001,0
186,1421407565,857988954,5,200,191,1148,20496001,0
186,1421407565,857988954,1,200,190,1148,20577001,0
187,1421407565,857988954,2,200,201,1047,20763001,1
187,1421407565,857988954,4,200,201,1577,1118001,0
187,1421407565,857988954,51,200,201,1715,20290001,4
187,1421407565,877988697,52,200,199,1585,20229001,0
187,1421407565,877988697,54,200,199,999,20365001,1
188,1421407565,877988697,50,200,199,1023,19588001,0
188,1421407565,877988697,53,200,202,1622,20577001,4
188,1421407565,877988697,5,200,192,1148,20448001,0
188,1421407565,877988697,3,200,199,2170,20175001,0
188,1421407565,877988697,1,200,191,1148,20587001,2
189,1421407565,877988697,2,200,201,1047,20289001,1
189,1421407565,878988684,4,200,201,1577,969001,0
189,1421407565,878988684,54,200,199,999,20364001,3
189,1421407565,897988439,52,200,199,1585,20251001,0
189,1421407565,897988439,50,200,199,1023,20341001,3
190,1421407565,897988439,53,200,201,1622,20240001,0
190,1421407565,897988439,51,200,201,1730,19355001,0
190,1421407565,897988439,5,200,186,1084,20444001,1
190,1421407565,898988426,1,200,192,1148,20193001,0
190,1421407565,898988426,3,200,199,2170,20313001,0
191,1421407565,898988426,4,200,201,1595,1175001,0
191,1421407565,898988426,2,200,201,1065,20523001,3
191,1421407565,898988426,54,200,199,1001,20334001,0
191,1421407565,917988182,52,200,199,1585,20257001,0
191,1421407565,917988182,53,200,201,1622,20262001,3
192,1421407565,918988169,50,200,199,1023,20460001,2
192,1421407565,918988169,51,200,201,1730,20290001,5
192,1421407565,918988169,3,200,199,2170,20329001,0
192,1421407565,918988169,5,200,187,1084,20166001,0
192,1421407565,918988169,2,200,201,1065,20381001,0
193,1421407565,918988169,1,200,186,1084,20614001,0
193,1421407565,918988169,4,200,201,1595,20574001,5
193,1421407565,918988169,51,200,201,1730,20358001,0
193,1421407565,938987911,52,200,199,1585,20405001,0
193,1421407565,938987911,50,200,197,999,20423001,0
194,1421407565,938987911,54,200,199,1001,20356001,0
194,1421407565,938987911,53,200,201,1622,20607001,0
194,1421407565,938987911,5,200,188,1084,20337001,0
194,1421407565,938987911,3,200,199,2163,20267001,0
194,1421407565,938987911,4,200,201,1595,20407001,0
195,1421407565,938987911,2,200,201,1065,20711001,1
195,1421407565,938987911,1,200,187,1084,20823001,1
195,1421407565,939987898,54,200,199,1001,20100001,0
195,1421407565,958987654,50,200,198,999,20193001,0
195,1421407565,958987654,52,200,199,1579,20186001,0
196,1421407565,958987654,51,200,201,1741,20227001,0
196,1421407565,958987654,53,200,201,1622,19262001,0
196,1421407565,958987654,5,200,189,1084,20343001,0
196,1421407565,959987641,4,200,201,1596,20285001,0
196,1421407565,959987641,2,200,201,1078,20649001,1
197,1421407565,959987641,3,200,199,2163,20444001,0
197,1421407565,959987641,1,200,188,1084,20729001,1
197,1421407565,959987641,51,200,201,1741,20203001,0
197,1421407565,978987396,52,200,199,1579,20264001,0
197,1421407565,978987396,54,200,199,997,20186001,0
198,1421407565,978987396,53,200,201,1622,20358001,2
198,1421407565,979987383,50,200,199,999,20259001,0
198,1421407565,979987383,5,200,190,1084,20399001,0
198,1421407565,979987383,2,200,201,1078,20583001,1
198,1421407565,979987383,3,200,199,2163,20794001,1
199,1421407565,979987383,1,200,189,1084,20803001,1
199,1421407565,979987383,4,200,201,1596,20501001,0
199,1421407565,979987383,51,200,201,1741,20372002,0
199,1421407566,0,54,200,199,997,20425001,1
199,1421407566,0,53,200,201,1622,20446001,3
200,1421407566,0,50,200,199,999,19312001,0
200,1421407566,0,52,200,199,1579,20487001,0
200,1421407566,0,5,200,191,1084,20276001,0
200,1421407566,0,2,200,201,1078,20158001,0
200,1421407566,0,3,200,199,2163,20114001,0
201,1421407566,999988,4,200,201,1596,1321001,0
201,1421407566,999988,1,200,190,1084,20181001,0
201,1421407566,999988,54,200,199,997,20203001,0
201,1421407566,19999743,51,200,203,1778,20623001,0
201,1421407566,19999743,50,200,199,1001,21003001,1
202,1421407566,19999743,52,200,199,1570,21070001,1
202,1421407566,20999730,53,200,201,1622,20580002,0
202,1421407566,20999730,3,200,198,2147,20297001,2
202,1421407566,20999730,5,200,192,1084,20253001,0
202,1421407566,20999730,2,200,202,1101,20272001,0
203,1421407566,20999730,1,200,191,1084,20227001,0
203,1421407566,20999730,4,200,199,1585,1024001,0
203,1421407566,20999730,54,200,198,980,20046002,0
203,1421407566,40999473,51,200,202,1778,20112002,0
203,1421407566,40999473,52,200,199,1570,19367002,0
204,1421407566,40999473,53,200,201,1622,20538002,0
204,1421407566,40999473,50,200,199,1001,20739002,1
204,1421407566,40999473,3,200,199,2147,20274001,0
204,1421407566,40999473,2,200,201,1101,20200001,0
204,1421407566,40999473,5,200,188,1037,20175001,0
205,1421407566,40999473,1,200,192,1084,20331001,3
205,1421407566,41999460,4,200,199,1585,20360001,5
205,1421407566,41999460,54,200,199,980,20331002,0
205,1421407566,60999215,51,200,201,1778,20059002,0
205,1421407566,60999215,52,200,199,1570,20508002,3
206,1421407566,60999215,53,200,205,1679,20344002,0
206,1421407566,60999215,50,200,199,1001,20753002,1
206,1421407566,60999215,5,200,189,1037,20720001,1
206,1421407566,61999202,1,200,188,1037,20158002,0
206,1421407566,61999202,2,200,201,1101,20624002,1
207,1421407566,61999202,4,200,199,1585,20191001,0
207,1421407566,61999202,3,200,199,2147,20657002,1
207,1421407566,61999202,54,200,199,980,20353002,0
207,1421407566,81998945,51,200,201,1778,20638002,1
207,1421407566,81998945,52,200,198,1554,20145002,0
208,1421407566,81998945,53,200,204,1679,20247002,0
208,1421407566,82998932,50,200,199,997,21028002,3
208,1421407566,82998932,1,200,189,1037,20512002,1
208,1421407566,82998932,2,200,201,1101,20373002,0
208,1421407566,82998932,3,200,197,2120,20471002,0
209,1421407566,82998932,4,200,199,1585,539002,0
209,1421407566,82998932,5,200,190,1037,20744001,0
209,1421407566,82998932,52,200,199,1554,20292002,0
209,1421407566,102998674,51,200,201,1780,20283002,0
209,1421407566,102998674,53,200,203,1679,20634002,3
210,1421407566,102998674,54,200,199,980,20036002,0
210,1421407566,102998674,50,200,199,997,20268002,0
210,1421407566,102998674,4,200,200,1596,20411002,6
210,1421407566,102998674,3,200,198,2120,20361002,5
210,1421407566,102998674,2,200,202,1126,20163002,0
211,1421407566,103998662,1,200,190,1037,20692002,1
211,1421407566,103998662,5,200,191,1037,598002,0
211,1421407566,103998662,54,200,199,974,20709002,1
211,1421407566,122998417,53,200,202,1679,20650002,1
211,1421407566,122998417,52,200,199,1554,20861002,1
212,1421407566,122998417,51,200,201,1780,20444002,0
212,1421407566,123998404,3,200,199,2120,20772002,4
212,1421407566,123998404,4,200,200,1596,20878002,4
212,1421407566,123998404,50,200,199,997,20139002,0
212,1421407566,123998404,1,200,191,1037,20951002,3
213,1421407566,123998404,2,200,201,1126,20911002,4
213,1421407566,123998404,5,200,192,1037,20952002,9
213,1421407566,123998404,53,200,201,1679,20322002,0
213,1421407566,143998147,52,200,199,1554,20466002,2
213,1421407566,143998147,54,200,199,974,20475002,0
214,1421407566,143998147,51,200,201,1780,20588002,3
214,1421407566,143998147,50,200,198,980,20301002,0
214,1421407566,143998147,3,200,197,2097,20070002,0
214,1421407566,143998147,4,200,200,1596,20170002,0
214,1421407566,144998134,1,200,192,1037,20213002,0
215,1421407566,144998134,5,200,193,1037,20470002,1
215,1421407566,144998134,2,200,201,1126,20374002,0
215,1421407566,144998134,54,200,199,974,20224002,0
215,1421407566,163997889,53,200,201,1679,20319002,0
215,1421407566,163997889,51,200,201,1786,20570002,1
216,1421407566,163997889,50,200,199,980,20402002,0
216,1421407566,163997889,52,200,199,1545,20809002,0
216,1421407566,164997876,4,200,199,1595,20207002,0
216,1421407566,164997876,5,200,194,1037,20397002,3
216,1421407566,164997876,1,200,193,1037,20451002,0
217,1421407566,164997876,2,200,201,1134,20432002,0
217,1421407566,164997876,3,200,198,2097,20476002,0
217,1421407566,164997876,53,200,196,1624,20338002,0
217,1421407566,184997619,54,200,198,958,20457002,0
217,1421407566,184997619,52,200,199,1545,20831002,1
218,1421407566,184997619,51,200,201,1786,20985002,1
218,1421407566,184997619,4,200,199,1595,20379002,0
218,1421407566,184997619,5,200,189,983,20430002,0
218,1421407566,184997619,50,200,199,980,20558002,2
218,1421407566,184997619,1,200,194,1037,20302002,0
219,1421407566,184997619,2,200,201,1134,20719002,0
219,1421407566,184997619,3,200,199,2097,21079002,1
219,1421407566,184997619,53,200,197,1624,20588002,0
219,1421407566,204997361,54,200,199,958,20361002,0
219,1421407566,204997361,52,200,199,1545,20692002,2
220,1421407566,204997361,51,200,201,1786,20621002,1
220,1421407566,204997361,50,200,199,980,20551002,0
220,1421407566,204997361,4,200,199,1595,20210002,0
220,1421407566,205997348,5,200,190,983,20493002,0
220,1421407566,205997348,1,200,189,983,20094002,0
221,1421407566,205997348,3,200,199,2097,20652002,1
221,1421407566,205997348,2,200,201,1134,20772002,0
221,1421407566,205997348,53,200,198,1624,20635002,1
221,1421407566,225997091,52,200,198,1533,20241002,0
221,1421407566,225997091,54,200,199,958,20695002,0
222,1421407566,225997091,51,200,201,1800,20174002,0
222,1421407566,225997091,50,200,199,974,20572002,2
222,1421407566,225997091,4,200,200,1605,20171002,0
222,1421407566,225997091,3,200,199,2090,20769002,2
222,1421407566,225997091,2,200,201,1143,20337002,0
223,1421407566,225997091,1,200,190,983,19961002,0
223,1421407566,225997091,5,200,191,983,20745002,0
223,1421407566,226997078,53,200,199,1624,20464000,0
223,1421407566,245996833,52,200,199,1533,20753000,1
223,1421407566,245996833,50,200,199,974,20723000,1
224,1421407566,246996820,51,200,201,1800,20774000,1
224,1421407566,246996820,54,200,198,942,20042000,0
224,1421407566,246996820,4,200,200,1605,20150002,0
224,1421407566,246996820,1,200,191,983,20323002,0
224,1421407566,246996820,2,200,201,1143,20093002,0
225,1421407566,246996820,5,200,192,983,20905002,2
225,1421407566,246996820,3,200,199,2090,20344002,0
225,1421407566,246996820,52,200,199,1533,20780000,2
225,1421407566,266996563,51,200,201,1800,21015000,2
225,1421407566,266996563,53,200,199,1624,19778000,0
226,1421407566,266996563,54,200,199,942,19834000,0
226,1421407566,266996563,50,200,199,974,20938000,1
226,1421407566,266996563,4,200,200,1605,20193002,0
226,1421407566,266996563,2,200,201,1143,20848002,1
226,1421407566,266996563,1,200,192,983,20211002,0
227,1421407566,266996563,3,200,199,2090,20317002,2
227,1421407566,266996563,5,200,193,983,20530002,2
227,1421407566,266996563,52,200,199,1530,20096000,0
227,1421407566,286996306,51,200,201,1800,20051000,0
227,1421407566,286996306,54,200,199,942,20805000,5
228,1421407566,286996306,53,200,199,1624,20875000,4
228,1421407566,286996306,50,200,198,958,21115000,1
228,1421407566,286996306,4,200,200,1605,20507000,1
228,1421407566,287996293,2,200,201,1143,20267000,0
228,1421407566,287996293,3,200,198,2070,20594000,1
229,1421407566,287996293,1,200,193,983,20268000,0
229,1421407566,287996293,5,200,194,983,20236000,0
229,1421407566,287996293,54,200,199,942,20303000,0
229,1421407566,306996048,52,200,199,1530,20597000,1
229,1421407566,307996035,51,200,201,1808,20638000,1
230,1421407566,307996035,50,200,199,958,20211000,0
230,1421407566,307996035,53,200,199,1624,20120000,0
230,1421407566,307996035,2,200,201,1156,20363000,0
230,1421407566,307996035,5,200,195,983,20713000,2
230,1421407566,307996035,1,200,194,983,20714000,2
231,1421407566,307996035,3,200,199,2070,20465000,0
231,1421407566,307996035,4,200,201,1619,20578000,0
231,1421407566,307996035,51,200,201,1808,20256000,0
231,1421407566,327995778,50,200,199,958,20259000,0
231,1421407566,327995778,54,200,199,944,20375000,0
232,1421407566,327995778,53,200,199,1624,20838000,2
232,1421407566,327995778,52,200,199,1530,19917000,0
232,1421407566,327995778,5,200,196,983,20360000,0
232,1421407566,328995765,2,200,201,1156,20429000,0
232,1421407566,328995765,3,200,199,2070,20303000,0
233,1421407566,328995765,1,200,195,983,20390000,0
233,1421407566,328995765,4,200,201,1619,1010000,0
233,1421407566,328995765,50,200,198,942,20478000,3
233,1421407566,347995520,51,200,201,1808,20586000,0
233,1421407566,347995520,54,200,199,944,20754000,0
234,1421407566,348995507,52,200,199,1530,20913000,0
234,1421407566,348995507,53,200,199,1624,20981000,1
234,1421407566,348995507,5,200,197,983,20292000,0
234,1421407566,348995507,1,200,196,983,20237000,0
234,1421407566,348995507,2,200,201,1156,20329000,0
235,1421407566,348995507,3,200,198,2053,20322000,0
235,1421407566,348995507,4,200,201,1619,20466000,1
235,1421407566,348995507,51,200,205,1860,20231000,0
235,1421407566,368995250,54,200,199,944,20276000,2
235,1421407566,368995250,53,200,199,1624,19451000,0
236,1421407566,368995250,52,200,199,1536,20177000,0
236,1421407566,368995250,50,200,199,942,20424000,0
236,1421407566,368995250,2,200,201,1159,20228000,0
236,1421407566,368995250,5,200,198,983,20371000,0
236,1421407566,368995250,1,200,197,983,20425000,0
237,1421407566,368995250,3,200,199,2053,20505000,0
237,1421407566,368995250,4,200,200,1617,1234000,0
237,1421407566,368995250,53,200,199,1624,20371000,4
237,1421407566,388994992,50,200,199,942,20541000,1
237,1421407566,388994992,52,200,199,1536,20488000,1
238,1421407566,388994992,54,200,199,946,20549000,1
238,1421407566,388994992,51,200,204,1860,20309000,0
238,1421407566,388994992,2,200,201,1159,20224000,0
238,1421407566,389994979,5,200,199,983,20281000,0
238,1421407566,389994979,3,200,199,2053,20342000,0
239,1421407566,389994979,1,200,198,983,20133000,0
239,1421407566,389994979,4,200,200,1617,1192000,0
239,1421407566,389994979,53,200,199,1624,20454000,1
239,1421407566,408994735,52,200,199,1536,20588000,3
239,1421407566,408994735,54,200,199,946,20709000,1
240,1421407566,409994722,51,200,203,1860,20612000,4
240,1421407566,409994722,50,200,199,942,19435000,0
240,1421407566,409994722,2,200,201,1159,20247000,0
240,1421407566,409994722,5,200,199,983,20445000,0
240,1421407566,409994722,3,200,199,2053,20348000,0
241,1421407566,409994722,1,200,199,983,20694000,0
241,1421407566,410994709,4,200,200,1617,20515000,1
241,1421407566,410994709,53,200,199,1624,20273000,0
241,1421407566,429994464,54,200,199,946,20264000,0
241,1421407566,429994464,51,200,209,1932,20225000,0
242,1421407566,429994464,52,200,199,1527,20418000,0
242,1421407566,429994464,50,200,199,944,20732000,1
242,1421407566,429994464,3,200,195,2007,20389000,0
242,1421407566,429994464,5,200,199,983,20232000,0
242,1421407566,429994464,2,200,201,1171,20303000,0
243,1421407566,430994452,4,200,199,1605,20809000,4
243,1421407566,431994439,1,200,199,983,1568000,0
243,1421407566,431994439,51,200,208,1932,20329000,0
243,1421407566,449994207,53,200,199,1624,20174000,0
243,1421407566,449994207,52,200,199,1527,20340000,0
244,1421407566,449994207,54,200,198,935,20308000,0
244,1421407566,449994207,50,200,199,944,20361000,0
244,1421407566,450994194,2,200,201,1171,19970000,0
244,1421407566,450994194,3,200,196,2007,20260000,0
244,1421407566,450994194,5,200,199,983,20461000,0
245,1421407566,450994194,1,200,199,983,20637000,1
245,1421407566,451994181,4,200,199,1605,20703000,0
245,1421407566,451994181,54,200,199,935,20122000,0
245,1421407566,469993949,53,200,199,1624,20175000,0
245,1421407566,470993937,52,200,199,1527,20304000,0
246,1421407566,470993937,51,200,207,1932,20543000,0
246,1421407566,470993937,50,200,199,944,20586000,4
246,1421407566,470993937,5,200,199,983,20263000,0
246,1421407566,471993924,2,200,201,1171,20050000,0
246,1421407566,471993924,3,200,197,2007,20506000,0
247,1421407566,471993924,1,200,199,983,20746000,1
247,1421407566,472993911,4,200,199,1605,20633000,0
247,1421407566,472993911,54,200,199,935,20102000,0
247,1421407566,490993679,53,200,199,1624,20340000,0
247,1421407566,490993679,52,200,198,1510,20472000,0
248,1421407566,490993679,50,200,199,946,20286000,0
248,1421407566,490993679,51,200,206,1932,20152000,0
248,1421407566,490993679,2,200,201,1171,20512000,0
248,1421407566,492993653,5,200,199,983,20281000,0
248,1421407566,492993653,3,200,194,1974,20476000,0
249,1421407566,492993653,1,200,199,983,20660000,0
249,1421407566,492993653,4,200,199,1605,20489000,0
249,1421407566,492993653,54,200,199,935,20377000,0
249,1421407566,510993422,53,200,199,1624,20255000,0
249,1421407566,510993422,52,200,199,1510,20447000,0
250,1421407566,510993422,51,200,210,1994,20649000,0
250,1421407566,511993409,50,200,199,946,20527000,1
250,1421407566,511993409,2,200,201,1179,20442000,0
250,1421407566,512993396,3,200,195,1974,20477000,0
250,1421407566,512993396,4,200,199,1595,21252000,1
251,1421407566,512993396,1,200,199,983,20769000,1
251,1421407566,512993396,5,200,199,983,20440000,0
251,1421407566,513993383,54,200,199,939,20458000,0
251,1421407566,531993151,53,200,199,1624,20667000,1
251,1421407566,531993151,51,200,209,1994,20418000,0
252,1421407566,531993151,52,200,199,1510,20579000,0
252,1421407566,531993151,50,200,199,946,19315000,0
252,1421407566,531993151,3,200,196,1974,20532000,0
252,1421407566,533993126,2,200,201,1179,20447000,0
252,1421407566,533993126,4,200,199,1595,20436000,0
253,1421407566,533993126,1,200,199,983,20896000,2
253,1421407566,533993126,5,200,199,983,20995000,0
253,1421407566,533993126,53,200,199,1624,20868000,2
253,1421407566,551992894,54,200,199,939,20871000,1
253,1421407566,552992881,52,200,199,1510,20645000,2
254,1421407566,552992881,51,200,208,1994,21292000,4
254,1421407566,552992881,50,200,198,935,19430000,0
254,1421407566,552992881,3,200,195,1954,20496000,0
254,1421407566,553992868,2,200,201,1179,20408000,0
254,1421407566,553992868,4,200,199,1595,20546000,0
255,1421407566,553992868,1,200,199,983,20496000,0
255,1421407566,554992855,5,200,199,983,20453000,0
255,1421407566,554992855,53,200,199,1624,20072001,0
255,1421407566,572992623,52,200,199,1508,20289000,0
255,1421407566,572992623,54,200,199,939,20405000,0
256,1421407566,572992623,51,200,211,2049,20131000,0
256,1421407566,572992623,50,200,199,935,19298000,0
256,1421407566,572992623,3,200,196,1954,20431000,0
256,1421407566,574992598,2,200,201,1185,19855000,0
256,1421407566,574992598,4,200,199,1592,20472000,2
257,1421407566,574992598,5,200,199,983,20291000,0
257,1421407566,574992598,1,200,199,983,20225000,0
257,1421407566,574992598,53,200,199,1624,20583000,1
257,1421407566,592992366,52,200,199,1508,20368000,0
257,1421407566,592992366,54,200,199,947,20539000,0
258,1421407566,593992353,51,200,209,2049,20025000,0
258,1421407566,593992353,50,200,199,935,18914000,0
258,1421407566,593992353,3,200,197,1954,20410000,0
258,1421407566,594992340,4,200,199,1592,20294000,0
258,1421407566,594992340,5,200,199,983,20359000,1
259,1421407566,594992340,1,200,199,983,20630000,1
259,1421407566,594992340,2,200,201,1185,20405000,0
259,1421407566,595992327,52,200,199,1508,20357001,2
259,1421407566,612992108,53,200,199,1624,20180001,0
259,1421407566,613992096,54,200,199,947,20138000,0
260,1421407566,613992096,51,200,208,2049,19982001,0
260,1421407566,613992096,50,200,199,935,20246001,1
260,1421407566,613992096,5,200,199,983,20670000,1
260,1421407566,615992070,4,200,199,1592,20517000,3
260,1421407566,615992070,3,200,198,1954,20499000,0
261,1421407566,615992070,1,200,199,983,20894000,1
261,1421407566,615992070,2,200,201,1185,20785000,0
261,1421407566,615992070,53,200,199,1624,20280001,2
261,1421407566,633991838,54,200,199,947,20355001,2
261,1421407566,633991838,51,200,207,2053,20319001,2
262,1421407566,633991838,52,200,199,1501,20340001,0
262,1421407566,633991838,50,200,199,939,18597001,0
262,1421407566,633991838,3,200,197,1941,20666001,0
262,1421407566,635991812,1,200,199,983,20444001,1
262,1421407566,635991812,4,200,199,1594,20650000,1
263,1421407566,635991812,5,200,199,983,20803000,1
263,1421407566,636991799,2,200,201,1197,20629001,0
263,1421407566,636991799,52,200,199,1501,20399001,0
263,1421407566,653991581,51,200,206,2053,20124001,0
263,1421407566,653991581,53,200,199,1624,20486001,0
264,1421407566,654991568,50,200,199,939,20357001,1
264,1421407566,654991568,54,200,199,941,20193001,0
264,1421407566,654991568,1,200,199,983,20279001,0
264,1421407566,656991542,5,200,199,983,20070000,0
264,1421407566,656991542,3,200,198,1941,20281001,0
265,1421407566,656991542,4,200,199,1594,20293000,0
265,1421407566,656991542,2,200,201,1197,20406000,0
265,1421407566,656991542,53,200,199,1624,20352001,0
265,1421407566,674991310,52,200,199,1501,20163001,0
265,1421407566,674991310,51,200,205,2053,20494001,3
266,1421407566,674991310,54,200,199,941,18018001,0
266,1421407566,674991310,50,200,199,939,20405001,4
266,1421407566,674991310,4,200,199,1594,20309001,0
266,1421407566,676991284,1,200,199,983,20314001,0
266,1421407566,676991284,5,200,199,983,20105001,0
267,1421407566,676991284,3,200,199,1941,20422001,0
267,1421407566,676991284,2,200,201,1197,20351001,0
267,1421407566,677991272,53,200,199,1624,20153001,0
267,1421407566,694991053,51,200,204,2053,20463001,1
267,1421407566,694991053,54,200,199,941,20309001,1
268,1421407566,694991053,52,200,199,1496,20222001,0
268,1421407566,694991053,50,200,199,947,20279001,0
268,1421407566,694991053,1,200,199,983,20106001,0
268,1421407566,696991027,4,200,199,1594,20130001,0
268,1421407566,697991014,5,200,199,983,20449001,0
269,1421407566,697991014,3,200,201,1965,20530001,0
269,1421407566,697991014,2,200,201,1197,20818001,4
269,1421407566,697991014,51,200,202,2048,20211001,0
269,1421407566,714990795,53,200,199,1624,20127001,0
269,1421407566,714990795,52,200,199,1496,20266001,3
270,1421407566,714990795,50,200,199,947,20292001,1
270,1421407566,714990795,54,200,199,941,20484001,4
270,1421407566,714990795,1,200,199,983,19940001,0
270,1421407566,717990757,4,200,199,1591,20137001,0
270,1421407566,717990757,3,200,201,1965,20354001,0
271,1421407566,717990757,5,200,199,983,20650001,0
271,1421407566,717990757,2,200,201,1200,20656001,0
271,1421407566,717990757,51,200,201,2048,20133001,0
271,1421407566,734990538,53,200,193,1557,20144001,0
271,1421407566,735990525,50,200,199,947,20267001,0
272,1421407566,735990525,54,200,199,941,20517001,0
272,1421407566,735990525,52,200,199,1496,20313001,0
272,1421407566,735990525,3,200,201,1965,20543001,0
272,1421407566,738990486,4,200,199,1591,20080001,0
272,1421407566,738990486,5,200,199,983,20016001,0
273,1421407566,738990486,1,200,199,983,20234001,0
273,1421407566,738990486,2,200,201,1200,3107001,0
273,1421407566,738990486,51,200,201,2048,20300001,0
273,1421407566,755990267,50,200,199,941,20109001,0
273,1421407566,755990267,53,200,194,1557,20303001,0
274,1421407566,755990267,54,200,199,941,20512001,1
274,1421407566,755990267,52,200,199,1496,20722001,0
274,1421407566,755990267,3,200,199,1951,20464001,0
274,1421407566,758990229,5,200,199,983,20626001,4
274,1421407566,758990229,1,200,199,983,20723001,1
275,1421407566,758990229,4,200,199,1591,20699001,2
275,1421407566,758990229,2,200,201,1200,20569001,1
275,1421407566,759990216,53,200,195,1557,20349001,1
275,1421407566,775990010,50,200,199,941,20274001,0
275,1421407566,775990010,51,200,200,2038,20370001,0
276,1421407566,775990010,54,200,199,941,19845001,0
276,1421407566,775990010,52,200,199,1502,20340001,0
276,1421407566,775990010,3,200,199,1951,20287001,0
276,1421407566,778989971,5,200,199,983,20340001,0
276,1421407566,779989958,4,200,199,1584,20367001,0
277,1421407566,779989958,1,200,199,983,20199001,0
277,1421407566,779989958,2,200,201,1201,3447001,0
277,1421407566,779989958,53,200,196,1557,20197001,0
277,1421407566,795989752,51,200,200,2038,20189001,0
277,1421407566,795989752,50,200,199,941,20422001,1
278,1421407566,795989752,54,200,200,959,20260001,1
278,1421407566,796989740,52,200,199,1502,17346001,0
278,1421407566,796989740,4,200,199,1584,20359001,0
278,1421407566,799989701,3,200,199,1951,20219001,0
278,1421407566,799989701,5,200,199,983,20346001,0
279,1421407566,799989701,1,200,199,983,20069001,0
279,1421407566,799989701,2,200,201,1201,3515001,0
279,1421407566,799989701,50,200,199,941,20172001,0
279,1421407566,815989495,51,200,200,2038,20180001,0
279,1421407566,816989482,53,200,197,1557,19883001,0
280,1421407566,816989482,54,200,200,959,19959001,0
280,1421407566,816989482,52,200,199,1502,17302001,0
280,1421407566,816989482,1,200,199,983,20343001,0
280,1421407566,819989443,5,200,199,983,20320001,0
280,1421407566,819989443,4,200,199,1584,20253001,0
281,1421407566,819989443,3,200,199,1951,20336001,0
281,1421407566,820989431,2,200,201,1201,20428001,1
281,1421407566,820989431,51,200,199,2035,20324001,0
281,1421407566,836989225,50,200,199,941,20268001,0
281,1421407566,836989225,53,200,198,1557,20561001,4
282,1421407566,836989225,54,200,200,959,20732001,3
282,1421407566,836989225,52,200,199,1502,20445001,1
282,1421407566,836989225,5,200,199,983,20359001,0
282,1421407566,840989173,1,200,199,983,20383001,0
282,1421407566,840989173,4,200,197,1560,20212001,0
283,1421407566,840989173,2,200,201,1208,3716001,0
283,1421407566,840989173,3,200,195,1901,3637001,0
283,1421407566,840989173,50,200,199,941,20307001,0
283,1421407566,856988967,51,200,199,2035,20536001,0
283,1421407566,856988967,54,200,200,961,20137001,0
284,1421407566,857988954,53,200,199,1557,20195001,0
284,1421407566,857988954,52,200,199,1502,17301001,0
284,1421407566,857988954,4,200,198,1560,20380001,0
284,1421407566,860988916,1,200,199,983,20331001,0
284,1421407566,860988916,3,200,196,1901,3744001,0
285,1421407566,860988916,2,200,201,1208,3893001,0
285,1421407566,860988916,5,200,199,983,20748001,0
285,1421407566,860988916,51,200,199,2035,20368001,0
285,1421407566,877988697,54,200,200,961,20522001,1
285,1421407566,877988697,53,200,199,1557,20273001,0
286,1421407566,877988697,52,200,199,1502,17389001,0
286,1421407566,877988697,50,200,199,941,20405001,0
286,1421407566,877988697,4,200,199,1560,20273001,0
286,1421407566,881988645,5,200,199,983,20205001,0
286,1421407566,881988645,1,200,199,983,3691001,0
287,1421407566,881988645,3,200,197,1901,20644001,1
287,1421407566,881988645,2,200,201,1208,3638001,0
287,1421407566,881988645,51,200,199,2035,20297001,0
287,1421407566,897988439,53,200,199,1557,20702001,2
287,1421407566,897988439,52,200,199,1504,21202001,2
288,1421407566,898988426,50,200,200,959,21265001,1
288,1421407566,898988426,54,200,200,961,21096001,1
288,1421407566,898988426,5,200,199,983,20619001,3
288,1421407566,901988388,4,200,199,1560,20659001,1
288,1421407566,901988388,1,200,199,983,20917001,4
289,1421407566,901988388,3,200,196,1885,20662001,4
289,1421407566,901988388,2,200,201,1208,20567001,4
289,1421407566,901988388,51,200,201,2056,20432001,0
289,1421407566,918988169,52,200,199,1504,20944001,1
289,1421407566,918988169,54,200,200,961,20424001,0
290,1421407566,918988169,53,200,199,1557,20866001,1
290,1421407566,918988169,50,200,200,959,20904001,1
290,1421407566,918988169,3,200,197,1885,20304001,0
290,1421407566,921988130,1,200,199,983,20633001,1
290,1421407566,922988117,4,200,198,1543,20340001,0
291,1421407566,922988117,5,200,199,983,20174001,0
291,1421407566,922988117,2,200,201,1218,3624001,0
291,1421407566,922988117,51,200,201,2056,20746001,1
291,1421407566,939987898,52,200,199,1504,20910001,2
291,1421407566,939987898,54,200,199,960,21210001,4
292,1421407566,939987898,53,200,199,1557,21646001,2
292,1421407566,939987898,50,200,200,959,21631001,1
292,1421407566,939987898,5,200,199,983,20297001,0
292,1421407566,942987860,1,200,199,983,20172001,0
292,1421407566,942987860,4,200,199,1543,20304001,0
293,1421407566,942987860,3,200,198,1885,20205001,0
293,1421407566,942987860,2,200,201,1218,3365001,0
293,1421407566,942987860,52,200,199,1504,20187001,0
293,1421407566,959987641,51,200,201,2056,19586001,0
293,1421407566,959987641,54,200,199,960,19847001,0
294,1421407566,959987641,53,200,199,1557,20269001,0
294,1421407566,959987641,50,200,200,961,17611001,0
294,1421407566,960987628,3,200,194,1840,20242001,0
294,1421407566,962987602,4,200,199,1543,20343001,0
294,1421407566,962987602,1,200,199,983,20310001,0
295,1421407566,962987602,5,200,199,983,20316001,0
295,1421407566,962987602,2,200,201,1218,3083001,0
295,1421407566,963987589,52,200,199,1509,20340002,0
295,1421407566,979987383,51,200,203,2091,20169001,0
295,1421407566,980987371,54,200,199,960,21032001,1
296,1421407566,980987371,53,200,199,1557,20120001,0
296,1421407566,980987371,50,200,200,961,17998001,0
296,1421407566,980987371,4,200,199,1540,20344001,0
296,1421407566,983987332,3,200,195,1840,20222001,0
296,1421407566,983987332,5,200,199,983,20252001,0
297,1421407566,983987332,1,200,199,983,20313001,0
297,1421407566,983987332,2,200,200,1213,20498001,4
297,1421407566,983987332,52,200,199,1509,20594001,1
297,1421407567,999988,51,200,202,2091,20142001,0
297,1421407567,999988,54,200,199,963,20304001,0
298,1421407567,999988,53,200,190,1458,20149002,0
298,1421407567,1999975,50,200,200,961,17964002,0
298,1421407567,1999975,5,200,199,983,20345001,0
298,1421407567,3999949,3,200,196,1840,20166001,0
298,1421407567,3999949,4,200,199,1540,20286001,0
299,1421407567,3999949,1,200,199,983,20329001,0
299,1421407567,3999949,2,200,200,1213,2937001,0
299,1421407567,3999949,51,200,201,2091,20524001,1
299,1421407567,20999730,52,200,199,1509,20271001,0
299,1421407567,21999717,54,200,199,963,20218002,0
300,1421407567,21999717,50,200,200,961,17907001,0
300,1421407567,21999717,53,200,191,1458,20149002,0
300,1421407567,21999717,5,200,199,983,20345001,0
300,1421407567,23999692,3,200,197,1840,20239001,0
300,1421407567,23999692,4,200,199,1540,20335001,0
301,1421407567,23999692,1,200,199,983,20220001,0
301,1421407567,24999679,2,200,200,1213,20571001,3
301,1421407567,24999679,51,200,202,2113,20755002,1
301,1421407567,41999460,54,200,199,963,20571002,4
301,1421407567,41999460,52,200,199,1503,20716001,2
302,1421407567,41999460,53,200,192,1458,17822002,0
302,1421407567,41999460,50,200,199,960,21033002,5
302,1421407567,41999460,4,200,199,1534,20334002,0
302,1421407567,44999421,5,200,199,983,20251001,0
302,1421407567,44999421,3,200,195,1816,20230001,0
303,1421407567,44999421,1,200,199,983,20363001,0
303,1421407567,44999421,2,200,199,1212,2862002,0
303,1421407567,44999421,52,200,199,1503,20080002,0
303,1421407567,61999202,51,200,201,2113,20059002,0
303,1421407567,61999202,54,200,199,963,20018002,0
304,1421407567,62999189,50,200,199,960,20232002,0
304,1421407567,62999189,53,200,193,1458,20546002,5
304,1421407567,62999189,3,200,196,1816,20196001,0
304,1421407567,64999164,4,200,199,1534,20196002,0
304,1421407567,64999164,1,200,199,983,20342002,0
305,1421407567,64999164,5,200,199,983,20323001,0
305,1421407567,64999164,2,200,199,1212,2707002,0
305,1421407567,64999164,51,200,201,2113,20334002,0
305,1421407567,82998932,54,200,199,963,20226002,0
305,1421407567,82998932,53,200,194,1458,20272002,0
306,1421407567,82998932,52,200,199,1503,17717002,0
306,1421407567,82998932,50,200,199,960,17821002,0
306,1421407567,82998932,3,200,197,1816,20270002,0
306,1421407567,84998906,1,200,199,983,20319002,0
306,1421407567,85998893,4,200,199,1534,20333002,0
307,1421407567,85998893,5,200,199,983,20318002,0
307,1421407567,85998893,2,200,199,1212,20466002,1
307,1421407567,85998893,54,200,199,963,20535002,1
307,1421407567,102998674,51,200,201,2113,20134002,0
307,1421407567,102998674,53,200,195,1458,20252002,0
308,1421407567,102998674,52,200,199,1502,20394002,1
308,1421407567,102998674,50,200,199,963,20760002,3
308,1421407567,102998674,3,200,196,1797,20167002,0
308,1421407567,105998636,5,200,199,983,20351002,0
308,1421407567,105998636,1,200,199,983,20310002,0
309,1421407567,105998636,4,200,199,1534,20172002,0
309,1421407567,105998636,2,200,199,1212,20714002,3
309,1421407567,105998636,51,200,201,2116,20733002,2
309,1421407567,124998391,54,200,199,963,20720002,1
309,1421407567,124998391,52,200,199,1502,20458002,3
310,1421407567,124998391,53,200,196,1458,20440002,0
310,1421407567,124998391,50,200,199,963,18037002,0
310,1421407567,124998391,4,200,199,1531,20445002,0
310,1421407567,126998365,1,200,199,983,20238002,0
310,1421407567,126998365,3,200,197,1797,20422002,0
311,1421407567,126998365,5,200,194,932,20458002,0
311,1421407567,127998353,2,200,199,1215,20619002,0
311,1421407567,127998353,52,200,199,1502,20748002,1
311,1421407567,144998134,54,200,199,964,20934002,1
311,1421407567,144998134,51,200,201,2116,20765002,0
312,1421407567,144998134,50,200,199,963,18610002,0
312,1421407567,145998121,53,200,197,1458,21540002,1
312,1421407567,145998121,5,200,195,932,20125002,0
312,1421407567,147998095,3,200,198,1797,20087002,0
312,1421407567,147998095,4,200,199,1531,20435002,0
313,1421407567,147998095,1,200,194,932,20372002,0
313,1421407567,147998095,2,200,199,1215,2960002,0
313,1421407567,147998095,52,200,199,1502,20419002,0
313,1421407567,165997863,54,200,199,964,20308002,0
313,1421407567,165997863,51,200,201,2116,19732002,0
314,1421407567,165997863,50,200,199,963,20878002,1
314,1421407567,165997863,53,200,198,1458,18773002,0
314,1421407567,165997863,4,200,199,1531,20379002,0
314,1421407567,167997838,3,200,195,1759,20399002,0
314,1421407567,167997838,5,200,196,932,20379002,0
315,1421407567,167997838,1,200,195,932,20452002,0
315,1421407567,167997838,2,200,199,1215,2737002,0
315,1421407567,168997825,54,200,199,964,20572002,1
315,1421407567,185997606,52,200,201,1523,20225002,0
315,1421407567,185997606,51,200,201,2120,20286002,0
316,1421407567,185997606,50,200,199,963,20091002,0
316,1421407567,185997606,53,200,199,1458,18727002,0
316,1421407567,185997606,4,200,199,1533,20277002,0
316,1421407567,187997580,5,200,197,932,20336002,0
316,1421407567,188997567,1,200,196,932,20308002,0
317,1421407567,188997567,3,200,196,1759,20307002,0
317,1421407567,188997567,2,200,199,1209,20437002,1
317,1421407567,188997567,52,200,201,1523,20305002,0
317,1421407567,205997348,54,200,200,977,20348002,0
317,1421407567,205997348,50,200,199,963,20111002,0
318,1421407567,206997335,51,200,201,2120,20604002,1
318,1421407567,206997335,53,200,199,1458,18660002,0
318,1421407567,206997335,1,200,197,932,20294002,0
318,1421407567,208997310,4,200,199,1533,20316002,0
318,1421407567,208997310,3,200,197,1759,20193002,0
319,1421407567,208997310,5,200,198,932,20321002,0
319,1421407567,208997310,2,200,199,1209,20237002,0
319,1421407567,208997310,54,200,200,977,20450002,0
319,1421407567,226997078,52,200,201,1523,20427002,0
319,1421407567,226997078,50,200,199,963,20504002,1
320,1421407567,226997078,51,200,201,2120,20084002,0
320,1421407567,226997078,53,200,199,1458,18462002,0
320,1421407567,226997078,4,200,199,1533,20320002,0
320,1421407567,228997052,1,200,198,932,20348002,0
320,1421407567,228997052,5,200,199,932,20319002,0
321,1421407567,228997052,3,200,198,1759,20241002,0
321,1421407567,228997052,2,200,199,1209,20203002,0
321,1421407567,229997039,54,200,200,977,20620000,2
321,1421407567,246996820,50,200,199,964,20419000,1
321,1421407567,246996820,52,200,202,1549,20637000,2
322,1421407567,247996808,51,200,201,2129,20030000,0
322,1421407567,247996808,53,200,199,1458,18349000,0
322,1421407567,247996808,4,200,199,1539,20233002,0
322,1421407567,248996795,3,200,196,1733,20347002,0
322,1421407567,249996782,5,200,199,932,20325002,0
323,1421407567,249996782,1,200,199,932,20342002,0
323,1421407567,249996782,2,200,200,1219,20559002,3
323,1421407567,250996769,50,200,199,964,20532000,1
323,1421407567,267996550,54,200,201,990,20274000,0
323,1421407567,267996550,51,200,201,2129,20510000,2
324,1421407567,267996550,52,200,201,1549,20581000,0
324,1421407567,268996537,53,200,199,1458,18518000,0
324,1421407567,268996537,4,200,199,1539,20331002,0
324,1421407567,269996524,3,200,197,1733,20368002,0
324,1421407567,269996524,5,200,195,887,20249002,0
325,1421407567,269996524,1,200,199,932,20356002,0
325,1421407567,270996512,2,200,200,1219,2166000,0
325,1421407567,270996512,50,200,199,964,19819000,0
325,1421407567,287996293,54,200,201,990,20394000,0
325,1421407567,287996293,52,200,201,1549,20533000,2
326,1421407567,288996280,51,200,201,2129,20235000,0
326,1421407567,288996280,53,200,188,1339,18450000,0
326,1421407567,288996280,4,200,199,1539,20166000,0
326,1421407567,289996267,1,200,195,887,20315000,0
326,1421407567,289996267,3,200,198,1733,20330000,0
327,1421407567,290996254,5,200,196,887,20164000,0
327,1421407567,290996254,2,200,200,1219,20582000,3
327,1421407567,290996254,50,200,200,977,20214000,0
327,1421407567,307996035,52,200,201,1558,20409000,0
327,1421407567,308996022,51,200,201,2129,20212000,0
328,1421407567,308996022,54,200,201,990,18234000,0
328,1421407567,308996022,53,200,189,1339,20358000,1
328,1421407567,308996022,4,200,199,1539,20447000,0
328,1421407567,309996009,1,200,196,887,20387000,0
328,1421407567,310995997,5,200,197,887,20346000,0
329,1421407567,310995997,3,200,196,1709,20241000,0
329,1421407567,310995997,2,200,200,1219,2334000,0
329,1421407567,311995984,52,200,201,1558,20337000,0
329,1421407567,328995765,51,200,201,2145,20647000,3
329,1421407567,328995765,54,200,201,990,20778000,2
330,1421407567,328995765,53,200,190,1339,20584000,1
330,1421407567,329995752,50,200,200,977,20562000,1
330,1421407567,329995752,1,200,197,887,20170000,0
330,1421407567,330995739,5,200,198,887,20231000,0
330,1421407567,330995739,4,200,197,1516,20261000,0
331,1421407567,331995726,3,200,197,1709,20306000,0
331,1421407567,331995726,2,200,201,1236,20545000,4
331,1421407567,331995726,54,200,201,1003,20469000,3
331,1421407567,348995507,52,200,201,1558,20625000,2
331,1421407567,348995507,51,200,201,2145,20696000,1
332,1421407567,349995494,53,200,191,1339,20852000,2
332,1421407567,349995494,50,200,200,977,18363000,0
332,1421407567,349995494,5,200,199,887,20332000,0
332,1421407567,351995469,1,200,198,887,20301000,0
332,1421407567,351995469,4,200,198,1516,20348000,0
333,1421407567,351995469,3,200,198,1709,20413000,0
333,1421407567,351995469,2,200,201,1236,20471000,1
333,1421407567,352995456,52,200,201,1558,20020000,0
333,1421407567,369995237,51,200,201,2145,20117000,0
333,1421407567,370995224,53,200,192,1339,20375000,1
334,1421407567,370995224,54,200,201,1003,20249000,0
334,1421407567,370995224,50,200,201,990,18256000,0
334,1421407567,371995211,5,200,199,887,20342000,0
334,1421407567,372995198,1,200,199,887,20310000,0
334,1421407567,372995198,4,200,199,1516,20292000,0
335,1421407567,372995198,2,200,201,1236,20402000,0
335,1421407567,373995185,3,200,197,1689,2139000,0
335,1421407567,373995185,51,200,202,2171,20224000,0
335,1421407567,390994967,53,200,193,1339,20463000,1
335,1421407567,390994967,52,200,199,1544,20269000,0
336,1421407567,390994967,54,200,201,1003,20470000,0
336,1421407567,391994954,50,200,201,990,18281000,0
336,1421407567,391994954,4,200,199,1520,20376000,0
336,1421407567,392994941,5,200,199,887,20376000,0
336,1421407567,393994928,2,200,198,1198,20623000,3
337,1421407567,393994928,3,200,198,1689,20481000,1
337,1421407567,393994928,1,200,199,887,20881000,1
337,1421407567,393994928,52,200,199,1544,20242000,0
337,1421407567,410994709,53,200,185,1258,20318000,0
337,1421407567,410994709,51,200,201,2171,20175000,0
338,1421407567,411994696,54,200,201,1004,20503000,1
338,1421407567,411994696,50,200,201,990,20354000,2
338,1421407567,412994683,4,200,199,1520,20345000,0
338,1421407567,413994670,5,200,194,830,20349000,0
338,1421407567,413994670,2,200,199,1198,20378000,1
339,1421407567,413994670,1,200,199,887,20380000,0
339,1421407567,413994670,3,200,199,1689,20926000,1
339,1421407567,414994658,54,200,201,1004,20419000,1
339,1421407567,430994452,51,200,201,2171,20299000,0
339,1421407567,431994439,52,200,199,1544,20340000,0
340,1421407567,431994439,53,200,186,1258,20215000,0
340,1421407567,431994439,50,200,201,990,20271000,0
340,1421407567,432994426,4,200,199,1520,20638000,0
340,1421407567,433994413,5,200,195,830,20498000,0
340,1421407567,434994400,1,200,194,830,20966000,2
341,1421407567,434994400,2,200,199,1198,20666000,0
341,1421407567,434994400,3,200,199,1689,20878000,0
341,1421407567,435994387,52,200,199,1534,20248000,0
341,1421407567,451994181,54,200,201,1004,20199000,0
341,1421407567,451994181,51,200,201,2186,20178000,0
342,1421407567,451994181,50,200,201,1003,20465000,2
342,1421407567,452994168,53,200,187,1258,17845000,0
342,1421407567,452994168,1,200,195,830,20408000,0
342,1421407567,454994143,4,200,201,1540,19965000,0
342,1421407567,454994143,5,200,196,830,20542000,0
343,1421407567,454994143,2,200,201,1220,20206000,0
343,1421407567,455994130,3,200,196,1653,3187000,0
343,1421407567,455994130,52,200,199,1534,20140000,0
343,1421407567,471993924,51,200,201,2186,20291000,0
343,1421407567,471993924,54,200,201,1017,20348000,0
344,1421407567,472993911,50,200,201,1003,20267000,1
344,1421407567,472993911,53,200,188,1258,20415000,2
344,1421407567,472993911,4,200,201,1540,20595000,0
344,1421407567,474993885,1,200,196,830,20486000,0
344,1421407567,475993872,5,200,197,830,20567000,0
345,1421407567,475993872,2,200,201,1220,20321000,0
345,1421407567,475993872,3,200,197,1653,3398000,0
345,1421407567,476993859,51,200,201,2186,20437000,3
345,1421407567,492993653,54,200,201,1017,20215000,0
345,1421407567,492993653,52,200,199,1534,20200000,0
346,1421407567,493993640,50,200,201,1003,20208000,0
346,1421407567,493993640,53,200,189,1258,17056000,0
346,1421407567,494993628,5,200,198,830,20382000,0
346,1421407567,495993615,4,200,201,1540,20332000,0
346,1421407567,496993602,1,200,197,830,20439000,0
347,1421407567,496993602,2,200,201,1220,20432000,0
347,1421407567,496993602,3,200,198,1653,3815000,0
347,1421407567,497993589,52,200,199,1530,20199000,0
347,1421407567,512993396,54,200,201,1017,20248000,0
347,1421407567,512993396,51,200,201,2186,20173000,0
348,1421407567,513993383,53,200,190,1258,20431000,4
348,1421407567,513993383,50,200,201,1004,20311000,0
348,1421407567,514993370,1,200,198,830,20378000,0
348,1421407567,516993344,4,200,201,1540,20387000,0
348,1421407567,516993344,2,200,201,1220,20518000,0
349,1421407567,516993344,5,200,199,830,20984000,0
349,1421407567,517993332,3,200,198,1646,3894000,0
349,1421407567,517993332,54,200,201,1017,20160000,0
349,1421407567,532993138,52,200,199,1530,20203000,0
349,1421407567,533993126,51,200,201,2191,20223000,0
350,1421407567,533993126,53,200,191,1258,20235000,0
350,1421407567,534993113,50,200,201,1004,20179000,0
350,1421407567,534993113,1,200,199,830,20434000,0
350,1421407567,536993087,4,200,200,1531,20524000,0
350,1421407567,536993087,2,200,201,1225,20529000,0
351,1421407567,537993074,5,200,196,795,20543000,0
351,1421407567,537993074,3,200,199,1646,20915000,2
351,1421407567,537993074,54,200,201,1027,20230000,0
351,1421407567,552992881,51,200,201,2191,20380000,0
351,1421407567,553992868,52,200,199,1530,20268000,0
352,1421407567,553992868,53,200,186,1203,20428000,4
352,1421407567,554992855,50,200,201,1004,16644001,0
352,1421407567,554992855,4,200,200,1531,20521000,0
352,1421407567,556992829,2,200,201,1225,20437000,0
352,1421407567,557992817,5,200,197,795,20305000,0
353,1421407567,557992817,1,200,196,795,20019000,0
353,1421407567,558992804,3,200,199,1646,20912000,1
353,1421407567,558992804,53,200,187,1203,20406000,0
353,1421407567,573992611,52,200,199,1530,20486000,4
353,1421407567,573992611,51,200,201,2191,20498000,0
354,1421407567,574992598,50,200,201,1017,20443000,2
354,1421407567,574992598,54,200,201,1027,16467000,0
354,1421407567,574992598,4,200,200,1531,20535000,0
354,1421407567,577992559,5,200,198,795,20995000,1
354,1421407567,577992559,2,200,201,1225,20870000,2
355,1421407567,578992546,1,200,197,795,21038000,0
355,1421407567,578992546,3,200,198,1626,20521000,0
355,1421407567,578992546,50,200,201,1017,20580001,3
355,1421407567,593992353,51,200,201,2199,20018000,0
355,1421407567,594992340,52,200,201,1551,20237000,0
356,1421407567,594992340,53,200,188,1203,20187000,0
356,1421407567,594992340,54,200,201,1027,16201000,0
356,1421407567,595992327,4,200,201,1542,20623000,0
356,1421407567,598992289,1,200,198,795,20419000,0
356,1421407567,598992289,2,200,198,1186,20478000,0
357,1421407567,599992276,5,200,199,795,20304000,0
357,1421407567,599992276,3,200,199,1626,20659000,1
357,1421407567,599992276,52,200,201,1551,20065000,0
357,1421407567,614992083,53,200,189,1203,20238000,2
357,1421407567,615992070,51,200,201,2199,20166001,0
358,1421407567,615992070,50,200,201,1017,15943001,0
358,1421407567,616992057,54,200,201,1037,15992001,0
358,1421407567,616992057,1,200,199,795,20951000,1
358,1421407567,618992031,5,200,199,795,20943000,1
358,1421407567,619992018,2,200,199,1186,20937001,1
359,1421407567,619992018,4,200,201,1542,20117000,0
359,1421407567,620992005,3,200,199,1626,4811000,0
359,1421407567,621991993,52,200,201,1551,20387001,0
359,1421407567,634991825,50,200,201,1017,15453001,0
359,1421407567,634991825,54,200,201,1037,15488001,0
360,1421407567,634991825,51,200,201,2199,20129001,0
360,1421407567,635991812,53,200,190,1203,20186001,0
360,1421407567,635991812,4,200,201,1542,20199000,0
360,1421407567,639991761,1,200,199,795,20360000,0
360,1421407567,639991761,5,200,199,795,20168001,0
361,1421407567,639991761,2,200,199,1186,20284001,0
361,1421407567,640991748,3,200,199,1626,5059001,0
361,1421407567,640991748,52,200,201,1570,20522001,1
361,1421407567,654991568,50,200,201,1027,20479001,5
361,1421407567,655991555,51,200,199,2180,20929001,1
362,1421407567,655991555,54,200,201,1037,20815001,5
362,1421407567,655991555,53,200,191,1203,21244001,0
362,1421407567,656991542,5,200,199,795,20153000,0
362,1421407567,659991503,1,200,199,795,20209001,0
362,1421407567,659991503,4,200,203,1574,20340001,0
363,1421407567,660991490,2,200,200,1196,20240001,0
363,1421407567,660991490,3,200,199,1635,20583001,5
363,1421407567,661991478,50,200,201,1027,20324001,0
363,1421407567,675991297,51,200,199,2180,20561001,2
363,1421407567,675991297,54,200,201,1047,20172001,0
364,1421407567,675991297,52,200,201,1570,20321001,0
364,1421407567,676991284,53,200,192,1203,15828001,0
364,1421407567,676991284,1,200,199,795,20298001,0
364,1421407567,679991246,5,200,199,795,20316001,0
364,1421407567,680991233,2,200,200,1196,19985001,0
365,1421407567,680991233,4,200,202,1574,20336001,0
365,1421407567,681991220,3,200,199,1635,20327001,0
365,1421407567,681991220,52,200,201,1570,20489001,1
365,1421407567,695991040,54,200,201,1047,20194001,0
365,1421407567,696991027,50,200,201,1027,20006001,0
366,1421407567,696991027,51,200,199,2180,20282001,0
366,1421407567,696991027,53,200,187,1148,20356001,1
366,1421407567,697991014,4,200,201,1574,20341001,0
366,1421407567,700990975,1,200,199,795,20307001,0
366,1421407567,700990975,5,200,199,795,20321001,0
367,1421407567,701990963,2,200,200,1196,20272001,0
367,1421407567,701990963,3,200,199,1635,20341001,0
367,1421407567,702990950,54,200,201,1047,20281001,0
367,1421407567,715990782,52,200,201,1577,20168001,0
367,1421407567,716990769,51,200,199,2180,20215001,0
368,1421407567,716990769,50,200,201,1037,20319001,3
368,1421407567,716990769,53,200,188,1148,15685001,0
368,1421407567,717990757,1,200,199,795,20343001,0
368,1421407567,720990718,4,200,201,1574,20331001,0
368,1421407567,721990705,5,200,199,795,20254001,0
369,1421407567,721990705,2,200,200,1196,20358001,0
369,1421407567,721990705,3,200,198,1621,4839001,0
369,1421407567,722990692,50,200,201,1037,20271001,1
369,1421407567,736990512,51,200,198,2167,20210001,0
369,1421407567,736990512,52,200,201,1577,20248001,0
370,1421407567,737990499,54,200,201,1047,20226001,0
370,1421407567,737990499,53,200,189,1148,15498001,0
370,1421407567,737990499,4,200,199,1563,20204001,0
370,1421407567,741990448,5,200,199,795,20264001,0
370,1421407567,741990448,1,200,199,795,20361001,0
371,1421407567,741990448,2,200,201,1223,20322001,0
371,1421407567,742990435,3,200,199,1621,20648001,4
371,1421407567,742990435,51,200,199,2167,20380001,0
371,1421407567,757990242,50,200,201,1037,20326001,0
371,1421407567,757990242,52,200,201,1577,20380001,0
372,1421407567,758990229,54,200,201,1065,20548001,0
372,1421407567,758990229,53,200,190,1148,20607001,4
372,1421407567,758990229,4,200,199,1563,20404001,0
372,1421407567,761990190,5,200,199,795,20299001,0
372,1421407567,761990190,1,200,199,795,20175001,0
373,1421407567,762990177,2,200,201,1223,20385001,0
373,1421407567,762990177,3,200,199,1621,20341001,0
373,1421407567,763990164,52,200,201,1577,20227001,0
373,1421407567,776989997,54,200,201,1065,20288001,1
373,1421407567,777989984,51,200,199,2167,20183001,0
374,1421407567,777989984,53,200,191,1148,19962001,0
374,1421407567,777989984,50,200,201,1047,20227001,0
374,1421407567,778989971,5,200,199,795,20274001,0
374,1421407567,781989933,1,200,199,795,20356001,0
374,1421407567,782989920,4,200,199,1563,20218001,0
375,1421407567,782989920,2,200,201,1223,20410001,0
375,1421407567,783989907,3,200,199,1620,20526001,4
375,1421407567,783989907,51,200,199,2170,20244001,0
375,1421407567,797989727,54,200,201,1065,20275001,0
375,1421407567,797989727,53,200,192,1148,20336001,1
376,1421407567,797989727,50,200,201,1047,15192001,0
376,1421407567,798989714,52,200,201,1595,20564001,0
376,1421407567,798989714,1,200,199,795,20265001,0
376,1421407567,802989662,4,200,199,1558,20236001,0
376,1421407567,802989662,5,200,199,795,20155001,0
377,1421407567,803989649,2,200,199,1198,20432001,0
377,1421407567,803989649,3,200,199,1620,20620001,0
377,1421407567,804989637,54,200,201,1078,20221001,0
377,1421407567,817989469,53,200,186,1084,20343001,1
377,1421407567,817989469,51,200,199,2170,20302001,0
378,1421407567,818989456,50,200,201,1047,20736001,1
378,1421407567,818989456,52,200,201,1595,20767001,1
378,1421407567,818989456,5,200,194,736,20189001,0
378,1421407567,822989405,1,200,199,795,20418001,0
378,1421407567,823989392,2,200,199,1198,20313001,0
379,1421407567,823989392,3,200,199,1620,5341001,0
379,1421407567,823989392,4,200,199,1558,20508001,0
379,1421407567,824989379,51,200,199,2170,20430001,3
379,1421407567,837989212,54,200,201,1078,20404001,0
379,1421407567,838989199,53,200,187,1084,20234001,0
380,1421407567,838989199,50,200,201,1047,20513001,0
380,1421407567,838989199,52,200,201,1595,15140001,0
380,1421407567,839989186,2,200,199,1198,20406001,4
380,1421407567,843989134,1,200,194,736,20157001,0
380,1421407567,843989134,4,200,199,1558,20617001,1
381,1421407567,843989134,3,200,199,1620,20431001,5
381,1421407567,844989122,5,200,195,736,20598001,0
381,1421407567,844989122,51,200,199,2163,20418001,0
381,1421407567,858988941,53,200,188,1084,20137001,0
381,1421407567,858988941,54,200,201,1078,20639001,0
382,1421407567,859988928,50,200,201,1065,20505001,1
382,1421407567,859988928,52,200,201,1596,20329001,2
382,1421407567,859988928,2,200,199,1203,20259001,0
382,1421407567,863988877,3,200,197,1591,20298001,0
382,1421407567,864988864,4,200,201,1586,20291001,0
383,1421407567,864988864,1,200,195,736,20587001,1
383,1421407567,864988864,5,200,196,736,20503001,0
383,1421407567,865988851,53,200,189,1084,20452001,3
383,1421407567,878988684,51,200,199,2163,20490001,2
383,1421407567,879988671,50,200,201,1065,20273001,0
384,1421407567,879988671,52,200,201,1596,14951001,0
384,1421407567,879988671,54,200,202,1101,15043001,0
384,1421407567,880988658,1,200,196,736,20252001,0
384,1421407567,883988619,2,200,199,1203,20090001,0
384,1421407567,884988607,3,200,198,1591,20235001,0
385,1421407567,884988607,4,200,201,1586,20220001,0
385,1421407567,885988594,5,200,197,736,5521001,0
385,1421407567,885988594,51,200,199,2163,20039001,0
385,1421407567,898988426,53,200,190,1084,20026001,0
385,1421407567,899988413,50,200,201,1065,20514001,4
386,1421407567,900988401,52,200,201,1596,20508001,5
386,1421407567,900988401,54,200,201,1101,14979001,0
386,1421407567,900988401,4,200,201,1586,20173001,0
386,1421407567,904988349,3,200,199,1591,20317001,0
386,1421407567,904988349,2,200,199,1203,20332001,0
387,1421407567,904988349,1,200,197,736,20286001,0
387,1421407567,905988336,5,200,198,736,5394001,0
387,1421407567,905988336,51,200,199,2163,20182001,0
387,1421407567,919988156,53,200,191,1084,20262001,0
387,1421407567,919988156,52,200,199,1585,20291001,0
388,1421407567,919988156,54,200,201,1101,20413001,4
388,1421407567,919988156,50,200,201,1078,20223001,0
388,1421407567,920988143,2,200,199,1203,20147001,0
388,1421407567,924988092,4,200,201,1586,20357001,0
388,1421407567,924988092,1,200,198,736,20293001,0
389,1421407567,925988079,5,200,199,736,20604001,5
389,1421407567,925988079,3,200,196,1558,20208001,0
389,1421407567,926988066,52,200,199,1585,20239001,0
389,1421407567,939987898,54,200,201,1101,20212001,1
389,1421407567,939987898,51,200,198,2147,20162001,0
390,1421407567,939987898,53,200,192,1084,20237001,0
390,1421407567,940987886,50,200,201,1078,14714001,0
390,1421407567,940987886,2,200,200,1214,20292001,0
390,1421407567,944987834,1,200,199,736,20165001,0
390,1421407567,945987821,4,200,200,1578,20258001,0
391,1421407567,945987821,5,200,199,736,5642001,0
391,1421407567,945987821,3,200,197,1558,20549001,0
391,1421407567,946987808,53,200,188,1037,20324001,0
391,1421407567,959987641,51,200,199,2147,20220001,0
391,1421407567,959987641,52,200,199,1585,20391001,0
392,1421407567,960987628,54,200,202,1126,20397001,0
392,1421407567,960987628,50,200,201,1078,14851002,0
392,1421407567,960987628,2,200,200,1214,20266001,0
392,1421407567,965987564,1,200,199,736,20356001,0
392,1421407567,965987564,4,200,200,1578,20301001,0
393,1421407567,965987564,5,200,199,736,20500001,2
393,1421407567,966987551,3,200,198,1558,20562001,1
