Simulation time,DDS time seconds,DDS time nanoseconds,Turbine Id,Setpoint,Current production,Max production,MS since last write,Cache count
0,1421407488,140998185,2,400,401,1237,20634002,0
0,1421407488,280996383,52,400,399,1637,20503000,1
0,1421407488,281996370,51,400,391,1857,20659000,2
1,1421407488,281996370,50,400,396,1332,13646000,0
1,1421407488,282996357,2,400,401,1237,20807002,0
1,1421407488,282996357,1,400,399,440,20868002,1
1,1421407488,282996357,51,400,392,1857,20343000,0
1,1421407488,292996228,52,400,399,1637,20653000,1
2,1421407488,292996228,50,400,397,1332,13368000,0
2,1421407488,293996215,1,400,399,440,20961000,1
2,1421407488,299996138,2,400,401,1237,21025000,1
2,1421407488,300996125,52,400,399,1638,20210000,0
2,1421407488,312995971,51,400,393,1857,20545000,1
3,1421407488,312995971,50,400,397,1324,20540000,1
3,1421407488,313995958,2,400,401,1250,21004000,1
3,1421407488,320995868,1,400,399,440,7812000,0
3,1421407488,321995855,52,400,399,1638,20527000,1
3,1421407488,332995713,51,400,394,1857,20336000,0
4,1421407488,333995700,50,400,398,1324,12631000,0
4,1421407488,333995700,1,400,399,440,20974000,1
4,1421407488,342995585,2,400,401,1250,20870000,1
4,1421407488,342995585,51,400,394,1851,20444000,0
4,1421407488,354995430,52,400,399,1638,20655000,1
5,1421407488,354995430,50,400,399,1324,12231000,0
5,1421407488,354995430,1,400,399,440,8121000,0
5,1421407488,362995327,2,400,401,1250,20772000,1
5,1421407488,362995327,51,400,395,1851,20274000,0
5,1421407488,374995173,52,400,399,1638,20378000,0
6,1421407488,374995173,50,400,399,1318,12380000,0
6,1421407488,375995160,1,400,399,440,8365000,0
6,1421407488,382995070,2,400,400,1244,20694000,0
6,1421407488,383995057,52,400,399,1639,12136000,0
6,1421407488,395994902,50,400,399,1318,12224000,0
7,1421407488,395994902,51,400,396,1851,12224000,0
7,1421407488,395994902,2,400,400,1244,20655000,0
7,1421407488,403994799,1,400,399,440,8401000,0
7,1421407488,403994799,52,400,399,1639,11931000,0
7,1421407488,415994645,50,400,399,1318,20637000,1
8,1421407488,415994645,51,400,395,1832,12101000,0
8,1421407488,416994632,1,400,399,440,8572000,0
8,1421407488,424994529,2,400,400,1244,20878000,1
8,1421407488,424994529,50,400,399,1318,20633000,1
8,1421407488,435994387,52,400,399,1639,20758000,1
9,1421407488,436994374,51,400,396,1832,12396000,0
9,1421407488,436994374,2,400,400,1244,20703000,1
9,1421407488,444994271,1,400,399,440,20716000,1
9,1421407488,444994271,52,400,399,1631,20762000,2
9,1421407488,456994117,50,400,400,1328,20587000,0
10,1421407488,456994117,51,400,397,1832,12240000,0
10,1421407488,457994104,1,400,399,440,8587000,0
10,1421407488,465994001,2,400,399,1234,8587000,0
10,1421407488,465994001,52,400,399,1631,20399000,0
10,1421407488,477993846,50,400,400,1328,20309000,0
11,1421407488,477993846,51,400,394,1800,21078000,2
11,1421407488,478993834,2,400,399,1234,20726000,1
11,1421407488,485993743,1,400,399,440,20829000,1
11,1421407488,486993731,52,400,399,1631,20072000,0
11,1421407488,497993589,51,400,395,1800,20276000,0
12,1421407488,498993576,50,400,400,1328,20895000,1
12,1421407488,498993576,2,400,399,1234,8907000,0
12,1421407488,506993473,1,400,399,440,8908000,0
12,1421407488,507993460,52,400,399,1622,20488000,0
12,1421407488,518993319,50,400,399,1324,11738000,0
13,1421407488,518993319,51,400,396,1800,20405000,0
13,1421407488,518993319,2,400,399,1243,9318000,0
13,1421407488,527993203,1,400,399,440,9319000,0
13,1421407488,528993190,52,400,399,1622,20382000,0
13,1421407488,538993061,51,400,397,1800,11479000,0
14,1421407488,539993048,50,400,399,1324,11595000,0
14,1421407488,539993048,1,400,399,440,21158000,1
14,1421407488,548992932,2,400,399,1243,21139000,1
14,1421407488,548992932,52,400,399,1622,20866000,0
14,1421407488,559992791,50,400,399,1324,11442000,0
15,1421407488,559992791,51,400,395,1773,11483000,0
15,1421407488,560992778,1,400,399,440,9720000,0
15,1421407488,568992675,2,400,399,1243,9674000,0
15,1421407488,569992662,50,400,397,1301,20498000,1
15,1421407488,580992520,52,400,399,1622,20675000,0
16,1421407488,580992520,51,400,396,1773,11153000,0
16,1421407488,581992508,1,400,399,440,20859000,1
16,1421407488,591992379,2,400,400,1260,9607000,0
16,1421407488,591992379,52,400,399,1613,20520001,1
16,1421407488,600992263,50,400,398,1301,20602000,1
17,1421407488,601992250,51,400,397,1773,10915001,0
17,1421407488,601992250,1,400,399,440,20778000,0
17,1421407488,611992121,2,400,400,1260,9820001,0
17,1421407488,611992121,50,400,399,1301,20464001,0
17,1421407488,621991993,52,400,399,1613,20549000,2
18,1421407488,621991993,51,400,396,1757,10636001,0
18,1421407488,622991980,1,400,399,440,20772000,0
18,1421407488,631991864,2,400,400,1260,10057001,0
18,1421407488,632991851,52,400,399,1613,20414001,0
18,1421407488,641991735,50,400,399,1301,20567001,0
19,1421407488,642991722,51,400,397,1757,20753001,1
19,1421407488,642991722,2,400,400,1260,10451001,0
19,1421407488,652991593,1,400,399,440,10506001,0
19,1421407488,653991581,50,400,397,1275,20645001,2
19,1421407488,662991465,52,400,399,1604,20619001,0
20,1421407488,663991452,51,400,398,1757,10216001,0
20,1421407488,664991439,1,400,401,469,10731001,0
20,1421407488,673991323,2,400,401,1283,10730001,0
20,1421407488,674991310,52,400,399,1604,20508001,1
20,1421407488,683991194,51,400,398,1753,20639001,1
21,1421407488,683991194,50,400,398,1275,10103001,0
21,1421407488,684991181,1,400,401,469,10914001,0
21,1421407488,694991053,2,400,401,1283,20915001,1
21,1421407488,694991053,52,400,399,1604,20638001,0
21,1421407488,703990937,51,400,399,1753,20602001,1
22,1421407488,703990937,50,400,399,1275,9991001,0
22,1421407488,704990924,1,400,401,469,20702001,1
22,1421407488,714990795,2,400,401,1283,10826001,0
22,1421407488,715990782,52,400,399,1602,20531001,0
22,1421407488,724990666,51,400,399,1753,20406001,0
23,1421407488,724990666,50,400,398,1257,20716001,1
23,1421407488,725990654,2,400,402,1310,11056001,0
23,1421407488,735990525,1,400,401,469,20704001,0
23,1421407488,735990525,52,400,399,1602,20938001,0
23,1421407488,744990409,51,400,399,1753,21152001,2
24,1421407488,745990396,50,400,399,1257,10381001,0
24,1421407488,745990396,2,400,401,1310,20839001,2
24,1421407488,755990267,1,400,401,469,11030001,0
24,1421407488,756990254,52,400,399,1602,19778001,0
24,1421407488,765990139,51,400,399,1744,20272001,0
25,1421407488,765990139,50,400,399,1257,10121001,0
25,1421407488,766990126,2,400,401,1310,20670001,0
25,1421407488,776989997,1,400,401,469,10898001,0
25,1421407488,776989997,52,400,399,1602,20713001,2
25,1421407488,785989881,51,400,399,1744,20333001,0
26,1421407488,786989868,50,400,399,1249,9849001,0
26,1421407488,786989868,2,400,401,1328,20644001,0
26,1421407488,796989740,1,400,401,469,10856001,0
26,1421407488,797989727,51,400,399,1744,20635001,1
26,1421407488,806989611,52,400,399,1606,9740001,0
27,1421407488,806989611,50,400,399,1249,20499001,1
27,1421407488,806989611,2,400,401,1328,10942001,0
27,1421407488,817989469,1,400,401,469,10926001,0
27,1421407488,818989456,51,400,399,1753,20232001,0
27,1421407488,827989340,50,400,399,1249,20651001,1
28,1421407488,828989328,52,400,399,1606,9590001,0
28,1421407488,828989328,1,400,401,469,20828001,1
28,1421407488,838989199,2,400,401,1328,11120001,0
28,1421407488,838989199,51,400,399,1753,21034001,1
28,1421407488,848989070,52,400,399,1606,9809001,0
29,1421407488,848989070,50,400,399,1249,20835001,0
29,1421407488,849989057,1,400,401,469,10961001,0
29,1421407488,859988928,2,400,401,1328,20884001,1
29,1421407488,859988928,51,400,399,1753,20610001,0
29,1421407488,868988813,50,400,399,1258,20977001,1
30,1421407488,868988813,52,400,399,1598,9719001,0
30,1421407488,869988800,1,400,401,469,20729001,1
30,1421407488,879988671,2,400,401,1335,20545001,0
30,1421407488,879988671,51,400,399,1744,20271001,0
30,1421407488,888988555,50,400,399,1258,20365001,0
31,1421407488,889988542,52,400,399,1598,9809001,0
31,1421407488,889988542,2,400,401,1335,20616001,0
31,1421407488,900988401,1,400,401,469,20652001,0
31,1421407488,900988401,51,400,399,1744,20436001,0
31,1421407488,909988285,50,400,399,1258,20424001,0
32,1421407488,910988272,52,400,399,1598,20575001,1
32,1421407488,910988272,1,400,401,469,11254001,0
32,1421407488,921988130,2,400,401,1335,11253001,0
32,1421407488,921988130,51,400,399,1744,20564001,0
32,1421407488,930988014,50,400,400,1268,20320001,0
33,1421407488,931988001,52,400,399,1594,20751001,1
33,1421407488,931988001,1,400,401,469,20956001,1
33,1421407488,941987873,2,400,401,1344,20879001,1
33,1421407488,942987860,51,400,399,1744,20990001,1
33,1421407488,951987744,52,400,399,1594,20954001,1
34,1421407488,951987744,50,400,400,1268,21412001,2
34,1421407488,951987744,2,400,401,1344,11294001,0
34,1421407488,962987602,1,400,401,469,11329001,0
34,1421407488,962987602,52,400,399,1594,20479001,0
34,1421407488,971987486,51,400,399,1734,20240002,0
35,1421407488,972987474,50,400,400,1268,9709002,0
35,1421407488,972987474,2,400,401,1344,11507001,0
35,1421407488,982987345,1,400,401,469,11507001,0
35,1421407488,982987345,52,400,399,1594,20268001,0
35,1421407488,991987229,51,400,399,1734,20232001,0
36,1421407488,992987216,50,400,399,1258,9528001,0
36,1421407488,992987216,1,400,401,469,11579001,0
36,1421407489,3999949,2,400,401,1355,11579001,0
36,1421407489,3999949,52,400,399,1593,20162002,0
36,1421407489,12999833,51,400,399,1734,20186002,0
37,1421407489,13999820,50,400,399,1258,20517002,1
37,1421407489,13999820,2,400,401,1355,11824002,0
37,1421407489,23999692,1,400,401,469,11720002,0
37,1421407489,24999679,52,400,399,1593,20141002,0
37,1421407489,32999576,51,400,399,1736,20120002,0
38,1421407489,32999576,50,400,399,1258,20306002,0
38,1421407489,33999563,1,400,401,469,12080002,0
38,1421407489,44999421,2,400,401,1355,12185001,0
38,1421407489,44999421,52,400,399,1593,20708002,1
38,1421407489,52999318,51,400,399,1736,8739002,0
39,1421407489,53999305,50,400,399,1258,8904002,0
39,1421407489,53999305,1,400,401,469,20740002,1
39,1421407489,65999151,2,400,401,1355,12141001,0
39,1421407489,65999151,52,400,399,1584,20583002,0
39,1421407489,73999048,51,400,399,1736,8528002,0
40,1421407489,73999048,50,400,398,1239,20957002,2
40,1421407489,74999035,2,400,402,1375,20729002,1
40,1421407489,85998893,1,400,399,441,20740002,0
40,1421407489,86998880,52,400,399,1584,20454002,0
40,1421407489,94998777,51,400,400,1746,20541002,1
41,1421407489,95998765,50,400,399,1239,8478002,0
41,1421407489,95998765,1,400,399,441,12314002,0
41,1421407489,107998610,2,400,401,1375,12332002,0
41,1421407489,107998610,51,400,400,1746,20519002,1
41,1421407489,114998520,52,400,399,1584,8104002,0
42,1421407489,115998507,50,400,399,1239,8062002,0
42,1421407489,115998507,1,400,399,441,20924002,1
42,1421407489,127998353,2,400,401,1375,20924002,1
42,1421407489,127998353,52,400,399,1588,20541002,1
42,1421407489,135998250,51,400,400,1746,20355002,0
43,1421407489,135998250,50,400,399,1229,7867002,0
43,1421407489,135998250,2,400,402,1402,20823002,0
43,1421407489,148998082,1,400,399,441,20823002,0
43,1421407489,148998082,52,400,399,1588,20610002,0
43,1421407489,155997992,50,400,399,1229,20727002,1
44,1421407489,156997979,51,400,400,1746,20865002,0
44,1421407489,156997979,2,400,401,1402,20968002,1
44,1421407489,168997825,1,400,399,441,20916002,1
44,1421407489,169997812,50,400,399,1229,20782002,1
44,1421407489,176997722,52,400,399,1588,20876002,1
45,1421407489,176997722,51,400,401,1757,21009002,1
45,1421407489,177997709,2,400,401,1402,20653002,0
45,1421407489,189997554,1,400,399,441,20730002,0
45,1421407489,190997541,50,400,398,1215,20630002,1
45,1421407489,196997464,51,400,401,1757,20943002,1
46,1421407489,197997451,52,400,399,1588,7622002,0
46,1421407489,197997451,1,400,399,441,20698002,0
46,1421407489,210997284,2,400,401,1421,20722002,0
46,1421407489,210997284,50,400,399,1215,20462002,0
46,1421407489,217997194,52,400,400,1599,20802002,2
47,1421407489,217997194,51,400,401,1757,20510002,0
47,1421407489,217997194,2,400,401,1421,13501002,0
47,1421407489,231997014,1,400,399,441,13501002,0
47,1421407489,231997014,50,400,399,1215,20183000,0
47,1421407489,237996936,51,400,400,1754,7304000,0
48,1421407489,238996923,52,400,400,1599,7297000,0
48,1421407489,238996923,1,400,399,441,13722002,0
48,1421407489,251996756,2,400,401,1421,13762002,0
48,1421407489,252996743,50,400,399,1215,20470000,0
48,1421407489,258996666,51,400,400,1754,20820000,1
49,1421407489,258996666,52,400,400,1599,20946000,2
49,1421407489,259996653,2,400,401,1421,14085002,0
49,1421407489,273996473,1,400,399,441,14085002,0
49,1421407489,274996460,50,400,399,1207,20156000,0
49,1421407489,279996396,52,400,399,1598,6900000,0
50,1421407489,280996383,51,400,400,1754,7134000,0
50,1421407489,280996383,1,400,399,441,14247000,0
50,1421407489,294996203,2,400,401,1436,14280000,0
50,1421407489,294996203,50,400,399,1207,20095000,0
50,1421407489,300996125,52,400,399,1598,20685000,2
51,1421407489,300996125,51,400,400,1755,6778000,0
51,1421407489,301996112,1,400,399,441,21019000,1
51,1421407489,315995932,2,400,401,1436,21019000,1
51,1421407489,315995932,50,400,399,1207,20143000,0
51,1421407489,320995868,52,400,399,1598,20429000,0
52,1421407489,321995855,51,400,400,1755,20666000,1
52,1421407489,321995855,1,400,399,441,14825000,0
52,1421407489,335995675,2,400,401,1436,14825000,0
52,1421407489,336995662,50,400,400,1225,20134000,0
52,1421407489,341995597,52,400,398,1587,20410000,0
53,1421407489,341995597,51,400,400,1755,6318000,0
53,1421407489,342995585,1,400,399,441,15109000,0
53,1421407489,356995404,2,400,401,1444,15109000,0
53,1421407489,357995391,50,400,400,1225,20216000,0
53,1421407489,361995340,52,400,399,1587,20388000,0
54,1421407489,362995327,51,400,400,1755,5878000,0
54,1421407489,362995327,2,400,401,1444,15371000,0
54,1421407489,377995134,1,400,402,482,15371000,0
54,1421407489,377995134,50,400,400,1225,19879000,0
54,1421407489,382995070,52,400,399,1587,5411000,0
55,1421407489,382995070,51,400,399,1748,5484000,0
55,1421407489,383995057,1,400,401,482,20940000,2
55,1421407489,398994864,2,400,401,1444,15739000,0
55,1421407489,398994864,50,400,400,1227,20192000,0
55,1421407489,402994812,52,400,399,1587,4987000,0
56,1421407489,402994812,51,400,399,1748,5090000,0
56,1421407489,403994799,1,400,401,482,20788000,0
56,1421407489,418994606,2,400,400,1443,20658000,1
56,1421407489,418994606,50,400,400,1227,20359000,0
56,1421407489,422994555,52,400,399,1585,20569000,2
57,1421407489,423994542,51,400,399,1748,4753000,0
57,1421407489,423994542,2,400,400,1443,16061000,0
57,1421407489,439994336,1,400,401,482,16149000,0
57,1421407489,439994336,50,400,400,1227,20316000,0
57,1421407489,443994284,52,400,399,1585,20318000,0
58,1421407489,443994284,51,400,397,1726,4463000,0
58,1421407489,444994271,2,400,400,1443,20885000,2
58,1421407489,460994065,1,400,401,482,16549000,0
58,1421407489,460994065,50,400,400,1227,20601000,0
58,1421407489,463994027,52,400,399,1585,4016000,0
59,1421407489,464994014,51,400,398,1726,4252000,0
59,1421407489,464994014,1,400,401,482,16567000,0
59,1421407489,480993808,2,400,400,1443,16757000,0
59,1421407489,481993795,50,400,399,1217,20739000,2
59,1421407489,484993756,51,400,399,1726,3820000,0
60,1421407489,484993756,52,400,399,1581,20588000,2
60,1421407489,485993743,2,400,401,1456,16949000,0
60,1421407489,501993537,1,400,401,482,21058000,1
60,1421407489,501993537,50,400,399,1217,20357000,0
60,1421407489,504993499,51,400,399,1721,20670000,3
61,1421407489,505993486,52,400,399,1581,3488000,0
61,1421407489,505993486,2,400,401,1456,17340000,0
61,1421407489,522993267,1,400,401,482,20873000,0
61,1421407489,523993254,51,400,399,1721,20355000,0
61,1421407489,525993229,50,400,399,1217,20358000,0
62,1421407489,525993229,52,400,399,1581,3179000,0
62,1421407489,525993229,1,400,401,482,20733000,0
62,1421407489,543992997,2,400,401,1456,20909000,1
62,1421407489,543992997,51,400,399,1721,20498000,2
62,1421407489,545992971,50,400,399,1209,2728000,0
63,1421407489,545992971,52,400,398,1567,2856000,0
63,1421407489,546992958,1,400,401,482,18096000,0
63,1421407489,563992739,2,400,402,1485,18089000,0
63,1421407489,564992726,51,400,399,1721,20427001,0
63,1421407489,566992701,50,400,399,1209,20553000,2
64,1421407489,566992701,52,400,399,1567,2523000,0
64,1421407489,566992701,2,400,401,1485,20971000,1
64,1421407489,584992469,1,400,401,482,20971000,1
64,1421407489,585992456,50,400,399,1209,20279000,0
64,1421407489,585992456,51,400,399,1717,2073001,0
65,1421407489,586992443,52,400,399,1567,2134000,0
65,1421407489,586992443,2,400,401,1485,18868000,0
65,1421407489,605992199,1,400,401,482,20771000,0
65,1421407489,605992199,50,400,398,1190,20481000,1
65,1421407489,606992186,52,400,399,1567,20540001,2
66,1421407489,606992186,51,400,399,1717,1633001,0
66,1421407489,607992173,2,400,401,1493,20804000,1
66,1421407489,626991928,1,400,401,482,20773000,0
66,1421407489,626991928,50,400,399,1190,20357001,0
66,1421407489,627991915,51,400,399,1717,1247001,0
67,1421407489,627991915,52,400,399,1564,20369001,0
67,1421407489,628991902,2,400,401,1493,19392001,0
67,1421407489,646991671,1,400,401,482,20819000,0
67,1421407489,647991658,51,400,399,1709,20590001,3
67,1421407489,647991658,50,400,399,1190,973001,0
68,1421407489,647991658,52,400,399,1564,1086001,0
68,1421407489,648991645,2,400,401,1493,20838001,1
68,1421407489,667991400,1,400,401,482,20775001,0
68,1421407489,668991387,51,400,399,1709,20406001,0
68,1421407489,668991387,50,400,399,1190,20609001,1
69,1421407489,669991375,52,400,399,1564,807001,0
69,1421407489,669991375,1,400,401,482,20759001,0
69,1421407489,688991130,2,400,401,1493,20748001,0
69,1421407489,688991130,51,400,399,1709,20769001,1
69,1421407489,688991130,52,400,399,1564,674001,0
70,1421407489,689991117,50,400,398,1172,601001,0
70,1421407489,689991117,1,400,401,482,21062001,1
70,1421407489,708990872,2,400,401,1497,21032001,1
70,1421407489,709990860,51,400,399,1708,20605001,0
70,1421407489,709990860,52,400,399,1564,443001,0
71,1421407489,709990860,50,400,399,1172,535001,0
71,1421407489,709990860,1,400,401,482,20316001,0
71,1421407489,729990602,2,400,401,1497,20400001,0
71,1421407489,730990589,50,400,399,1172,20752001,2
71,1421407489,730990589,51,400,399,1708,20428001,0
72,1421407489,731990576,52,400,399,1564,20931001,2
72,1421407489,731990576,1,400,401,482,20730001,2
72,1421407489,750990332,2,400,401,1497,20648001,1
72,1421407489,750990332,50,400,401,1201,20645001,0
72,1421407489,751990319,52,400,399,1554,20621001,0
73,1421407489,751990319,51,400,399,1708,604001,0
73,1421407489,751990319,2,400,401,1512,20820001,1
73,1421407489,771990061,1,400,401,482,20649001,0
73,1421407489,772990049,52,400,399,1554,21014001,2
73,1421407489,772990049,51,400,399,1708,405001,0
74,1421407489,772990049,50,400,401,1201,531001,0
74,1421407489,772990049,2,400,401,1512,20820001,1
74,1421407489,791989804,1,400,404,528,20769001,1
74,1421407489,791989804,51,400,397,1684,20696001,3
74,1421407489,792989791,52,400,399,1554,248001,0
75,1421407489,792989791,50,400,401,1201,536001,0
75,1421407489,792989791,2,400,401,1512,20558001,0
75,1421407489,812989534,1,400,403,528,20695001,0
75,1421407489,812989534,50,400,402,1224,348001,0
75,1421407489,813989521,52,400,399,1554,20863001,5
76,1421407489,813989521,51,400,398,1684,442001,0
76,1421407489,813989521,2,400,400,1507,20701001,0
76,1421407489,832989276,1,400,402,528,20680001,0
76,1421407489,833989263,52,400,399,1547,20549001,0
76,1421407489,833989263,50,400,401,1224,20840001,3
77,1421407489,834989250,51,400,399,1684,20883001,3
77,1421407489,834989250,2,400,400,1507,20411001,0
77,1421407489,853989006,1,400,401,528,20341001,0
77,1421407489,853989006,51,400,397,1657,382001,0
77,1421407489,854988993,52,400,399,1547,20453001,0
78,1421407489,854988993,50,400,401,1224,313001,0
78,1421407489,855988980,2,400,400,1507,20619001,2
78,1421407489,873988748,1,400,401,528,20251001,0
78,1421407489,874988735,52,400,399,1547,20675001,0
78,1421407489,874988735,51,400,398,1657,21029001,5
79,1421407489,874988735,50,400,401,1224,21142001,1
79,1421407489,875988722,2,400,400,1507,20521001,0
79,1421407489,894988478,1,400,401,528,20692001,1
79,1421407489,894988478,51,400,399,1657,20097001,0
79,1421407489,895988465,52,400,398,1533,20666001,1
80,1421407489,895988465,50,400,401,1237,20266001,0
80,1421407489,895988465,2,400,399,1505,20080001,0
80,1421407489,914988220,1,400,401,528,20189001,0
80,1421407489,915988207,51,400,397,1634,20260001,0
80,1421407489,915988207,52,400,399,1533,20354001,0
81,1421407489,916988195,50,400,401,1237,350001,0
81,1421407489,916988195,2,400,399,1505,20686001,1
81,1421407489,935987950,1,400,401,528,20706001,1
81,1421407489,935987950,51,400,398,1634,20608001,3
81,1421407489,936987937,52,400,399,1533,455001,0
82,1421407489,936987937,50,400,401,1237,371001,0
82,1421407489,936987937,1,400,401,528,20609001,1
82,1421407489,955987692,2,400,399,1505,20620001,1
82,1421407489,956987680,51,400,399,1634,20957001,1
82,1421407489,956987680,52,400,397,1510,20881001,5
83,1421407489,956987680,50,400,401,1250,414001,0
83,1421407489,957987667,2,400,400,1520,20635001,1
83,1421407489,976987422,1,400,401,528,20595001,1
83,1421407489,976987422,52,400,398,1510,20538001,0
83,1421407489,977987409,51,400,399,1634,20505002,0
84,1421407489,977987409,50,400,401,1250,20831001,4
84,1421407489,978987396,2,400,400,1520,20015001,0
84,1421407489,996987165,1,400,401,528,20114001,0
84,1421407489,997987152,51,400,397,1604,20253001,0
84,1421407489,997987152,52,400,399,1510,193001,0
85,1421407489,997987152,50,400,401,1250,97001,0
85,1421407489,998987139,50,400,400,1244,20403001,3
85,1421407490,17999769,52,400,399,1510,20511002,1
85,1421407490,17999769,51,400,398,1604,205002,0
85,1421407490,18999756,1,400,401,528,20551001,1
86,1421407490,18999756,2,400,400,1520,20326001,0
86,1421407490,18999756,50,400,400,1244,20388002,2
86,1421407490,37999511,51,400,399,1604,20315002,2
86,1421407490,38999498,1,400,401,528,20520002,0
86,1421407490,38999498,52,400,397,1487,20349002,1
87,1421407490,38999498,2,400,401,1533,483002,0
87,1421407490,39999486,50,400,400,1244,20439002,0
87,1421407490,58999241,52,400,398,1487,20317002,0
87,1421407490,58999241,51,400,398,1593,20215002,0
87,1421407490,58999241,1,400,401,528,20606002,0
88,1421407490,59999228,2,400,401,1533,21055001,1
88,1421407490,59999228,52,400,399,1487,20588002,3
88,1421407490,79998971,51,400,399,1593,20415002,1
88,1421407490,79998971,50,400,400,1244,20441002,0
88,1421407490,79998971,1,400,401,528,20834002,1
89,1421407490,79998971,2,400,401,1533,426002,0
89,1421407490,80998958,51,400,399,1593,20467002,3
89,1421407490,99998713,52,400,399,1482,20190002,0
89,1421407490,99998713,50,400,399,1234,20619002,3
89,1421407490,100998700,1,400,401,528,20429002,0
90,1421407490,100998700,2,400,401,1533,416002,0
90,1421407490,101998687,51,400,399,1589,20335002,0
90,1421407490,119998456,50,400,399,1234,19966002,0
90,1421407490,120998443,52,400,399,1482,20018002,0
90,1421407490,120998443,2,400,402,1560,423002,0
91,1421407490,120998443,1,400,401,528,427002,0
91,1421407490,121998430,51,400,399,1589,19832002,0
91,1421407490,140998185,52,400,399,1482,20520002,3
91,1421407490,140998185,50,400,399,1234,20530002,1
91,1421407490,141998172,1,400,401,528,478002,0
92,1421407490,141998172,2,400,401,1560,20751002,1
92,1421407490,141998172,50,400,399,1243,20492002,2
92,1421407490,160997928,51,400,399,1589,19784002,0
92,1421407490,161997915,52,400,399,1475,19831002,0
92,1421407490,161997915,1,400,401,528,20594002,2
93,1421407490,161997915,2,400,401,1560,20511002,0
93,1421407490,162997902,52,400,399,1475,20652002,3
93,1421407490,181997657,50,400,399,1243,19948002,0
93,1421407490,181997657,51,400,399,1589,19930002,0
93,1421407490,181997657,1,400,401,528,20444002,0
94,1421407490,182997644,2,400,401,1575,618002,0
94,1421407490,182997644,51,400,397,1568,20520002,1
94,1421407490,201997400,52,400,399,1475,19690002,0
94,1421407490,202997387,50,400,399,1243,19793002,0
94,1421407490,202997387,2,400,401,1575,20725002,1
95,1421407490,202997387,1,400,401,528,20648002,0
95,1421407490,203997374,51,400,398,1568,19560002,0
95,1421407490,222997129,52,400,399,1475,20522002,3
95,1421407490,222997129,50,400,400,1260,19631002,0
95,1421407490,222997129,2,400,401,1575,20618002,0
96,1421407490,223997117,1,400,401,528,20538002,0
96,1421407490,223997117,51,400,399,1568,20428000,1
96,1421407490,242996872,52,400,398,1457,20569000,0
96,1421407490,242996872,50,400,400,1260,19508000,0
96,1421407490,243996859,1,400,401,528,20699002,1
97,1421407490,243996859,2,400,400,1574,20806002,1
97,1421407490,243996859,50,400,400,1260,20605000,3
97,1421407490,262996615,51,400,399,1560,19523000,0
97,1421407490,263996602,52,400,399,1457,19562000,0
97,1421407490,263996602,2,400,400,1574,20554002,0
98,1421407490,264996589,1,400,401,528,915002,0
98,1421407490,264996589,51,400,399,1560,20716000,1
98,1421407490,283996344,50,400,400,1260,19319000,0
98,1421407490,283996344,52,400,399,1457,19468000,0
98,1421407490,283996344,2,400,400,1574,20951002,1
99,1421407490,284996331,1,400,401,528,1152000,0
99,1421407490,284996331,50,400,401,1283,20470000,3
99,1421407490,303996087,51,400,399,1560,20394000,0
99,1421407490,304996074,52,400,398,1439,20559000,1
99,1421407490,304996074,2,400,400,1574,20683000,0
100,1421407490,305996061,1,400,401,528,1479000,0
100,1421407490,305996061,52,400,399,1439,18749000,0
100,1421407490,324995816,51,400,398,1544,20476000,1
100,1421407490,324995816,50,400,401,1283,18824000,0
100,1421407490,325995803,1,400,401,528,20899000,1
101,1421407490,326995791,2,400,400,1581,20958000,1
101,1421407490,326995791,50,400,401,1283,18536000,0
101,1421407490,344995559,52,400,399,1439,18464000,0
101,1421407490,345995546,51,400,399,1544,18552000,0
101,1421407490,345995546,1,400,401,528,20779000,1
102,1421407490,346995533,2,400,400,1581,20779000,1
102,1421407490,347995520,50,400,402,1310,18355000,0
102,1421407490,365995288,51,400,399,1544,20643000,3
102,1421407490,365995288,52,400,397,1411,18370000,0
102,1421407490,365995288,1,400,401,528,2195000,0
103,1421407490,367995263,2,400,400,1581,2157000,0
103,1421407490,367995263,52,400,398,1411,20609000,2
103,1421407490,385995031,51,400,399,1544,18147000,0
103,1421407490,386995018,50,400,401,1310,18237000,0
103,1421407490,386995018,2,400,399,1578,20818000,1
104,1421407490,388994992,1,400,401,528,20738000,1
104,1421407490,388994992,52,400,399,1411,20549000,1
104,1421407490,405994773,51,400,397,1517,17863000,0
104,1421407490,406994761,50,400,401,1310,20512000,2
104,1421407490,406994761,1,400,401,528,20853000,1
105,1421407490,408994735,2,400,399,1578,2659000,0
105,1421407490,409994722,52,400,399,1411,20189000,0
105,1421407490,426994503,50,400,401,1328,17627000,0
105,1421407490,426994503,51,400,398,1517,17766000,0
105,1421407490,427994490,1,400,401,528,20986000,1
106,1421407490,429994464,2,400,399,1578,3005000,0
106,1421407490,429994464,52,400,398,1391,20507000,1
106,1421407490,446994246,50,400,401,1328,17350000,0
106,1421407490,447994233,51,400,399,1517,17446000,0
106,1421407490,447994233,1,400,401,528,20724000,0
107,1421407490,450994194,2,400,399,1579,20947000,1
107,1421407490,450994194,52,400,399,1391,20628000,0
107,1421407490,467993975,50,400,401,1328,17211000,0
107,1421407490,468993962,51,400,399,1508,17337000,0
107,1421407490,468993962,2,400,399,1579,20815000,1
108,1421407490,471993924,1,400,401,528,20670000,0
108,1421407490,471993924,50,400,401,1328,20643000,1
108,1421407490,488993705,51,400,399,1508,17155000,0
108,1421407490,488993705,52,400,399,1391,21075000,1
108,1421407490,489993692,1,400,401,528,20894000,1
109,1421407490,491993666,2,400,399,1579,3497000,0
109,1421407490,492993653,50,400,401,1335,20637000,1
109,1421407490,508993447,51,400,399,1508,20852000,1
109,1421407490,509993434,52,400,399,1393,17255000,0
109,1421407490,509993434,1,400,401,528,20973000,1
110,1421407490,512993396,2,400,399,1579,20987000,1
110,1421407490,512993396,50,400,401,1335,20434000,0
110,1421407490,529993177,51,400,397,1487,16797000,0
110,1421407490,530993164,52,400,399,1393,20571000,1
110,1421407490,530993164,1,400,401,528,3681000,0
111,1421407490,533993126,2,400,401,1600,3662000,0
111,1421407490,533993126,50,400,401,1335,20469000,0
111,1421407490,549992920,51,400,398,1487,16687000,0
111,1421407490,550992907,52,400,399,1393,16985000,0
111,1421407490,550992907,1,400,401,528,20674000,1
112,1421407490,554992855,2,400,401,1600,20726000,1
112,1421407490,554992855,51,400,399,1487,20458000,1
112,1421407490,570992649,50,400,401,1344,20339001,0
112,1421407490,571992636,52,400,398,1376,16837000,0
112,1421407490,571992636,1,400,401,528,20601000,0
113,1421407490,574992598,2,400,401,1600,20602000,0
113,1421407490,575992585,51,400,399,1487,20668001,1
113,1421407490,591992379,50,400,401,1344,20369001,0
113,1421407490,591992379,52,400,399,1376,16571000,0
113,1421407490,592992366,1,400,401,528,20605000,0
114,1421407490,595992327,2,400,402,1625,20605000,0
114,1421407490,595992327,51,400,399,1490,20426000,0
114,1421407490,611992121,50,400,401,1344,20225001,0
114,1421407490,612992108,52,400,399,1376,16555001,0
114,1421407490,612992108,2,400,401,1625,20610000,0
115,1421407490,616992057,1,400,396,476,20610000,0
115,1421407490,616992057,50,400,401,1355,20349001,0
115,1421407490,632991851,51,400,399,1490,20372001,0
115,1421407490,632991851,52,400,399,1376,16403001,0
115,1421407490,633991838,2,400,401,1625,20751000,1
116,1421407490,636991799,1,400,397,476,20739000,1
116,1421407490,637991787,52,400,397,1348,16148001,0
116,1421407490,653991581,50,400,401,1355,16207001,0
116,1421407490,653991581,51,400,399,1490,16297001,0
116,1421407490,654991568,1,400,398,476,20539001,0
117,1421407490,656991542,2,400,401,1643,20543001,0
117,1421407490,657991529,50,400,401,1355,20941001,3
117,1421407490,673991323,51,400,399,1490,16517001,0
117,1421407490,674991310,52,400,398,1348,16647001,0
117,1421407490,674991310,1,400,399,476,20563001,1
118,1421407490,677991272,2,400,401,1643,20579001,1
118,1421407490,677991272,50,400,401,1355,20280001,0
118,1421407490,693991066,52,400,399,1348,20766001,2
118,1421407490,694991053,51,400,399,1490,16668001,0
118,1421407490,694991053,2,400,401,1643,20455001,0
119,1421407490,697991014,1,400,399,476,20456001,0
119,1421407490,698991001,50,400,402,1375,20392001,0
119,1421407490,714990795,52,400,398,1333,20754001,1
119,1421407490,714990795,51,400,399,1490,16596001,0
119,1421407490,714990795,1,400,399,476,20592001,1
120,1421407490,718990744,2,400,401,1643,20605001,1
120,1421407490,718990744,52,400,399,1333,16455001,0
120,1421407490,734990538,50,400,401,1375,16530001,0
120,1421407490,735990525,51,400,399,1491,16578001,0
120,1421407490,735990525,1,400,399,476,20612001,1
121,1421407490,738990486,2,400,401,1651,20565001,1
121,1421407490,739990473,52,400,399,1333,16509001,0
121,1421407490,755990267,50,400,401,1375,16506001,0
121,1421407490,756990254,51,400,399,1491,16573001,0
121,1421407490,756990254,1,400,399,476,20651001,0
122,1421407490,759990216,2,400,401,1651,20699001,0
122,1421407490,760990203,51,400,399,1491,20844001,3
122,1421407490,776989997,50,400,402,1402,20924001,1
122,1421407490,776989997,52,400,398,1313,16807001,0
122,1421407490,776989997,2,400,401,1651,20766001,0
123,1421407490,784989894,1,400,399,476,20770001,0
123,1421407490,785989881,50,400,401,1402,20507001,2
123,1421407490,796989740,51,400,399,1491,20572001,0
123,1421407490,797989727,52,400,399,1313,16640001,0
123,1421407490,797989727,2,400,399,1640,20962001,1
124,1421407490,800989688,1,400,399,476,20981001,1
124,1421407490,801989675,50,400,401,1402,20303001,0
124,1421407490,816989482,51,400,399,1500,20086001,0
124,1421407490,817989469,52,400,399,1313,16182001,0
124,1421407490,817989469,2,400,399,1640,20740001,0
125,1421407490,821989418,1,400,399,476,20743001,0
125,1421407490,822989405,51,400,399,1500,20059001,0
125,1421407490,837989212,50,400,401,1421,15691001,0
125,1421407490,837989212,52,400,399,1313,15698001,0
125,1421407490,838989199,1,400,399,476,20802001,0
126,1421407490,842989147,2,400,399,1640,20806001,0
126,1421407490,843989134,52,400,397,1283,15185001,0
126,1421407490,857988954,51,400,399,1500,20345001,1
126,1421407490,857988954,50,400,401,1421,15188001,0
126,1421407490,858988941,2,400,399,1634,5403001,0
127,1421407490,863988877,1,400,399,476,5499001,0
127,1421407490,863988877,51,400,398,1485,20443001,1
127,1421407490,877988697,52,400,398,1283,20404001,2
127,1421407490,877988697,50,400,401,1421,14735001,0
127,1421407490,878988684,1,400,399,476,20984001,1
128,1421407490,884988607,2,400,399,1634,20987001,1
128,1421407490,884988607,50,400,401,1421,20296001,3
128,1421407490,898988426,52,400,399,1283,20252001,0
128,1421407490,898988426,51,400,399,1485,20283001,0
128,1421407490,898988426,2,400,399,1634,6250001,0
129,1421407490,904988349,1,400,399,476,6354001,0
129,1421407490,905988336,51,400,399,1485,20282001,0
129,1421407490,918988169,50,400,401,1436,13762001,0
129,1421407490,918988169,52,400,399,1275,13857001,0
129,1421407490,919988156,2,400,399,1634,21059001,1
130,1421407490,925988079,1,400,399,476,21058001,1
130,1421407490,925988079,51,400,398,1474,13272001,0
130,1421407490,938987911,50,400,401,1436,13399001,0
130,1421407490,938987911,52,400,399,1275,13464001,0
130,1421407490,939987898,2,400,399,1638,20822001,0
131,1421407490,946987808,1,400,399,476,20826001,0
131,1421407490,946987808,51,400,399,1474,20359001,2
131,1421407490,958987654,52,400,399,1275,20423001,1
131,1421407490,959987641,50,400,401,1436,13069001,0
131,1421407490,959987641,1,400,399,476,20815001,0
132,1421407490,967987538,2,400,399,1638,20811001,0
132,1421407490,967987538,51,400,399,1474,20434002,0
132,1421407490,979987383,52,400,399,1265,20459001,1
132,1421407490,979987383,50,400,401,1444,12448001,0
132,1421407490,979987383,1,400,399,476,21003001,1
133,1421407490,987987280,2,400,399,1638,21019001,1
133,1421407490,988987268,51,400,399,1474,20428001,0
133,1421407491,0,50,400,401,1444,12147001,0
133,1421407491,999988,52,400,399,1265,12263001,0
133,1421407491,999988,2,400,401,1658,20799001,0
134,1421407491,8999885,1,400,399,476,20805001,0
134,1421407491,9999872,50,400,401,1444,20659001,3
134,1421407491,20999730,52,400,399,1265,11854002,0
134,1421407491,20999730,51,400,400,1488,11881002,0
134,1421407491,21999717,2,400,401,1658,21003001,1
135,1421407491,29999614,1,400,399,476,20999001,1
135,1421407491,29999614,50,400,400,1443,20416002,0
135,1421407491,40999473,51,400,400,1488,20689001,3
135,1421407491,41999460,52,400,399,1265,11769002,0
135,1421407491,41999460,1,400,399,476,20779002,0
136,1421407491,50999344,2,400,401,1658,9019002,0
136,1421407491,50999344,50,400,400,1443,20369002,0
136,1421407491,61999202,51,400,400,1488,20549002,0
136,1421407491,61999202,52,400,399,1256,11670002,0
136,1421407491,61999202,2,400,403,1694,20968001,1
137,1421407491,70999086,1,400,399,476,21009002,1
137,1421407491,71999074,50,400,400,1443,20620002,0
137,1421407491,81998945,51,400,399,1475,20520002,0
137,1421407491,82998932,52,400,399,1256,11664002,0
137,1421407491,82998932,2,400,402,1694,20993002,1
138,1421407491,91998816,1,400,399,476,20988002,1
138,1421407491,91998816,51,400,399,1475,20229002,0
138,1421407491,102998674,50,400,400,1443,20162002,0
138,1421407491,102998674,52,400,399,1256,11094002,0
138,1421407491,103998662,2,400,401,1694,20809002,0
139,1421407491,112998546,1,400,399,476,20822002,0
139,1421407491,112998546,50,400,401,1456,20273002,0
139,1421407491,122998417,52,400,398,1240,10734002,0
139,1421407491,123998404,51,400,399,1475,10778002,0
139,1421407491,123998404,2,400,401,1694,10031002,0
140,1421407491,133998275,1,400,399,476,20768002,0
140,1421407491,133998275,50,400,401,1456,20576002,2
140,1421407491,143998147,51,400,399,1474,10477002,0
140,1421407491,143998147,52,400,399,1240,20455002,3
140,1421407491,143998147,2,400,402,1718,20600002,1
141,1421407491,153998018,1,400,399,476,10107002,0
141,1421407491,153998018,50,400,401,1456,20495002,0
141,1421407491,163997889,52,400,399,1240,20586002,0
141,1421407491,164997876,51,400,399,1474,10569002,0
141,1421407491,164997876,2,400,401,1718,10279002,0
142,1421407491,174997747,1,400,399,476,10298002,0
142,1421407491,174997747,50,400,402,1485,20295002,0
142,1421407491,184997619,52,400,398,1226,20643002,1
142,1421407491,184997619,51,400,399,1474,10291002,0
142,1421407491,184997619,2,400,401,1718,10416002,0
143,1421407491,194997490,1,400,399,476,10446002,0
143,1421407491,195997477,52,400,399,1226,20482002,2
143,1421407491,204997361,50,400,401,1485,20524002,1
143,1421407491,204997361,51,400,399,1474,9984002,0
143,1421407491,205997348,2,400,401,1718,10652002,0
144,1421407491,215997220,1,400,399,476,10678002,0
144,1421407491,215997220,50,400,401,1485,20298002,0
144,1421407491,224997104,52,400,399,1226,20324002,0
144,1421407491,225997091,51,400,399,1483,9677002,0
144,1421407491,225997091,1,400,399,476,10977002,0
145,1421407491,236996949,2,400,401,1718,10963002,0
145,1421407491,236996949,52,400,399,1226,20362000,0
145,1421407491,245996833,50,400,401,1493,20349000,0
145,1421407491,245996833,51,400,399,1483,9386000,0
145,1421407491,246996820,1,400,399,476,21005002,1
146,1421407491,257996679,2,400,401,1718,11267002,0
146,1421407491,257996679,52,400,397,1201,20563000,2
146,1421407491,265996576,50,400,401,1493,20606000,1
146,1421407491,266996563,51,400,399,1483,9162000,0
146,1421407491,266996563,2,400,401,1721,20645002,1
147,1421407491,277996421,1,400,399,476,20509002,0
147,1421407491,277996421,50,400,401,1493,20456000,1
147,1421407491,286996306,51,400,399,1483,8760000,0
147,1421407491,287996293,52,400,398,1201,20427000,0
147,1421407491,287996293,1,400,399,476,20679000,1
148,1421407491,298996151,2,400,401,1721,20689000,1
148,1421407491,298996151,50,400,401,1493,8859000,0
148,1421407491,306996048,51,400,399,1483,8884000,0
148,1421407491,307996035,52,400,399,1201,8886000,0
148,1421407491,307996035,2,400,401,1721,11607000,0
149,1421407491,318995894,1,400,399,476,11678000,0
149,1421407491,318995894,52,400,397,1177,8830000,0
149,1421407491,327995778,51,400,399,1483,8873000,0
149,1421407491,327995778,50,400,401,1497,20836000,1
149,1421407491,328995765,1,400,399,476,11724000,0
150,1421407491,339995623,2,400,401,1721,11739000,0
150,1421407491,339995623,51,400,400,1500,8700000,0
150,1421407491,347995520,52,400,398,1177,8765000,0
150,1421407491,348995507,50,400,401,1497,8802000,0
150,1421407491,348995507,1,400,399,476,20864000,1
151,1421407491,359995366,2,400,399,1710,11845000,0
151,1421407491,360995353,51,400,400,1500,8942000,0
151,1421407491,368995250,52,400,399,1177,8970000,0
151,1421407491,369995237,50,400,401,1497,9040000,0
151,1421407491,369995237,1,400,399,476,20742000,0
152,1421407491,380995095,2,400,399,1710,11735000,0
152,1421407491,380995095,52,400,399,1173,8748000,0
152,1421407491,389994979,51,400,400,1500,8774000,0
152,1421407491,389994979,50,400,401,1512,8899000,0
152,1421407491,390994967,2,400,399,1710,11711000,0
153,1421407491,401994825,1,400,399,476,20735000,0
153,1421407491,401994825,52,400,399,1173,20563000,2
153,1421407491,409994722,51,400,400,1500,20558000,1
153,1421407491,409994722,50,400,401,1512,8671000,0
153,1421407491,410994709,2,400,399,1714,12109000,0
154,1421407491,422994555,1,400,399,476,12114000,0
154,1421407491,422994555,52,400,399,1173,20154000,0
154,1421407491,430994452,50,400,401,1512,20483000,1
154,1421407491,430994452,51,400,400,1508,8460000,0
154,1421407491,430994452,1,400,399,476,12359000,0
155,1421407491,442994297,2,400,399,1714,12356000,0
155,1421407491,442994297,52,400,399,1173,20576000,1
155,1421407491,450994194,51,400,400,1508,20643000,2
155,1421407491,451994181,50,400,400,1507,8267000,0
155,1421407491,451994181,2,400,399,1714,12498000,0
156,1421407491,463994027,1,400,399,476,12564000,0
156,1421407491,463994027,52,400,399,1168,20471000,0
156,1421407491,471993924,51,400,400,1508,20558000,0
156,1421407491,471993924,50,400,400,1507,8136000,0
156,1421407491,472993911,2,400,401,1740,12693000,0
157,1421407491,484993756,1,400,399,476,12696000,0
157,1421407491,484993756,50,400,400,1507,20911000,3
157,1421407491,491993666,51,400,399,1489,8027000,0
157,1421407491,492993653,52,400,399,1168,8091000,0
157,1421407491,492993653,1,400,399,476,20848000,1
158,1421407491,504993499,2,400,401,1740,20847000,1
158,1421407491,505993486,50,400,400,1507,20576000,0
158,1421407491,512993396,51,400,399,1489,20760000,1
158,1421407491,513993383,52,400,399,1168,7897000,0
158,1421407491,513993383,1,400,399,476,12774000,0
159,1421407491,525993229,2,400,401,1740,12716000,0
159,1421407491,526993216,51,400,399,1489,20592000,1
159,1421407491,533993126,50,400,399,1505,20605000,0
159,1421407491,533993126,52,400,398,1156,8107000,0
159,1421407491,534993113,2,400,401,1740,12811000,0
160,1421407491,546992958,1,400,399,476,20742000,2
160,1421407491,546992958,50,400,399,1505,20049000,0
160,1421407491,553992868,51,400,399,1488,20817000,1
160,1421407491,554992855,52,400,399,1156,8046000,0
160,1421407491,554992855,1,400,399,476,20685000,0
161,1421407491,566992701,2,400,402,1761,12700000,0
161,1421407491,567992688,51,400,399,1488,20389000,0
161,1421407491,574992598,50,400,399,1505,20356000,0
161,1421407491,574992598,52,400,399,1156,8029000,0
161,1421407491,575992585,2,400,401,1761,20712000,1
162,1421407491,587992430,1,400,399,476,20702000,1
162,1421407491,587992430,50,400,400,1520,20155000,0
162,1421407491,595992327,51,400,399,1488,20526001,0
162,1421407491,595992327,52,400,399,1155,8036000,0
162,1421407491,595992327,1,400,399,476,20685000,1
163,1421407491,607992173,2,400,401,1761,12817000,0
163,1421407491,608992160,51,400,399,1488,20484001,0
163,1421407491,615992070,52,400,399,1155,7984000,0
163,1421407491,616992057,50,400,400,1520,20920001,0
163,1421407491,616992057,2,400,401,1770,12604000,0
164,1421407491,628991902,1,400,399,476,12635000,0
164,1421407491,629991890,51,400,399,1485,20757001,1
164,1421407491,636991799,50,400,400,1520,7813001,0
164,1421407491,636991799,52,400,399,1155,7868001,0
164,1421407491,636991799,2,400,401,1770,12771001,0
165,1421407491,649991632,1,400,399,476,12774001,0
165,1421407491,649991632,51,400,399,1485,20479001,0
165,1421407491,656991542,50,400,401,1533,20540001,2
165,1421407491,657991529,52,400,399,1155,7772001,0
165,1421407491,657991529,2,400,401,1770,12967001,0
166,1421407491,669991375,1,400,399,476,12975001,0
166,1421407491,670991362,51,400,399,1485,20413001,0
166,1421407491,676991284,50,400,401,1533,20395001,0
166,1421407491,677991272,52,400,399,1155,20620001,1
166,1421407491,677991272,2,400,401,1781,20738001,1
167,1421407491,690991104,1,400,399,476,13148001,0
167,1421407491,691991091,50,400,401,1533,20581001,1
167,1421407491,697991014,51,400,399,1491,20495001,0
167,1421407491,698991001,52,400,399,1155,20825001,2
167,1421407491,698991001,1,400,401,506,13203001,0
168,1421407491,711990834,2,400,401,1781,20621001,0
168,1421407491,711990834,50,400,401,1533,20366001,0
168,1421407491,718990744,51,400,399,1491,20397001,0
168,1421407491,718990744,52,400,399,1155,7299001,0
168,1421407491,718990744,2,400,401,1781,20830001,1
169,1421407491,731990576,1,400,401,506,20753001,1
169,1421407491,731990576,50,400,402,1560,6979001,0
169,1421407491,738990486,51,400,399,1491,7030001,0
169,1421407491,739990473,52,400,399,1163,7075001,0
169,1421407491,739990473,1,400,401,506,13454001,0
170,1421407491,751990319,2,400,401,1781,13470001,0
170,1421407491,752990306,52,400,399,1163,6971001,0
170,1421407491,759990216,51,400,401,1513,6958001,0
170,1421407491,759990216,50,400,401,1560,7075001,0
170,1421407491,760990203,2,400,401,1781,13654001,0
171,1421407491,772990049,1,400,401,506,13668001,0
171,1421407491,773990036,51,400,401,1513,6746001,0
171,1421407491,779989958,50,400,401,1560,20530001,3
171,1421407491,780989946,52,400,399,1163,6865001,0
171,1421407491,780989946,2,400,401,1781,13814001,0
172,1421407491,793989778,1,400,401,506,20845001,1
172,1421407491,793989778,50,400,401,1575,20498001,0
172,1421407491,800989688,51,400,401,1513,20671001,1
172,1421407491,800989688,52,400,399,1158,6727001,0
172,1421407491,800989688,2,400,401,1781,13922001,0
173,1421407491,814989508,1,400,401,506,13921001,0
173,1421407491,814989508,50,400,401,1575,20276001,0
173,1421407491,820989431,52,400,399,1158,6496001,0
173,1421407491,820989431,51,400,401,1513,6602001,0
173,1421407491,821989418,2,400,401,1789,14104001,0
174,1421407491,834989250,1,400,401,506,20822001,1
174,1421407491,835989237,50,400,401,1575,20526001,1
174,1421407491,840989173,51,400,399,1500,20481001,3
174,1421407491,841989160,52,400,399,1158,6356001,0
174,1421407491,841989160,2,400,401,1789,14393001,0
175,1421407491,855988980,1,400,401,506,14416001,0
175,1421407491,856988967,51,400,399,1500,20370001,0
175,1421407491,861988903,50,400,400,1574,20523001,0
175,1421407491,861988903,52,400,399,1158,6408001,0
175,1421407491,862988890,1,400,401,506,14815001,0
176,1421407491,876988710,2,400,401,1789,14810001,0
176,1421407491,876988710,50,400,400,1574,20252001,0
176,1421407491,881988645,51,400,399,1500,20340001,0
176,1421407491,882988632,52,400,398,1146,6254001,0
176,1421407491,882988632,2,400,401,1799,14989001,0
177,1421407491,897988439,1,400,401,506,15093001,0
177,1421407491,897988439,50,400,400,1574,20737001,1
177,1421407491,902988375,51,400,399,1499,20310001,0
177,1421407491,902988375,52,400,399,1146,5986001,0
177,1421407491,902988375,2,400,401,1799,15218001,0
178,1421407491,917988182,1,400,401,506,15226001,0
178,1421407491,918988169,50,400,400,1574,20092001,0
178,1421407491,922988117,51,400,399,1499,20306001,0
178,1421407491,923988104,52,400,399,1146,5823001,0
178,1421407491,923988104,1,400,401,506,20987001,1
179,1421407491,938987911,2,400,401,1799,20986001,1
179,1421407491,939987898,50,400,400,1581,20767001,1
179,1421407491,943987847,51,400,399,1499,20770001,1
179,1421407491,944987834,52,400,399,1150,5517001,0
179,1421407491,944987834,2,400,401,1799,20930001,1
180,1421407491,959987641,1,400,401,506,21052001,1
180,1421407491,959987641,50,400,400,1581,20196001,0
180,1421407491,964987577,51,400,399,1503,20344001,0
180,1421407491,964987577,52,400,399,1150,5118001,0
180,1421407491,964987577,2,400,401,1810,20970001,1
181,1421407491,980987371,1,400,403,536,20983001,1
181,1421407491,980987371,51,400,399,1503,20574001,1
181,1421407491,984987319,50,400,400,1581,20357001,0
181,1421407491,985987306,52,400,399,1150,20545001,1
181,1421407491,985987306,2,400,401,1810,20760001,0
182,1421407492,999988,1,400,402,536,20834001,0
182,1421407492,1999975,51,400,399,1503,20379001,0
182,1421407492,5999923,50,400,399,1578,20419001,0
182,1421407492,5999923,52,400,400,1169,20390001,0
182,1421407492,5999923,2,400,401,1810,16291001,0
183,1421407492,21999717,1,400,401,536,20739001,0
183,1421407492,21999717,50,400,399,1578,20404002,2
183,1421407492,25999666,51,400,399,1503,20392001,0
183,1421407492,25999666,52,400,400,1169,4324002,0
183,1421407492,25999666,2,400,401,1828,20834001,1
184,1421407492,42999447,1,400,401,536,20788001,0
184,1421407492,43999434,50,400,399,1578,20361002,0
184,1421407492,45999408,51,400,396,1470,20742002,1
184,1421407492,46999395,52,400,400,1169,20881002,2
184,1421407492,46999395,1,400,401,536,20746002,0
185,1421407492,62999189,2,400,401,1828,20732001,0
185,1421407492,63999177,50,400,399,1579,20412002,1
185,1421407492,65999151,51,400,397,1470,3540002,0
185,1421407492,66999138,52,400,400,1169,20454002,0
185,1421407492,66999138,2,400,401,1828,17206001,0
186,1421407492,84998906,1,400,401,536,20770002,0
186,1421407492,84998906,50,400,399,1579,20457002,0
186,1421407492,87998868,52,400,401,1183,20464002,0
186,1421407492,87998868,51,400,398,1470,3324002,0
186,1421407492,88998855,1,400,401,536,20741002,0
187,1421407492,105998636,2,400,401,1841,20791002,1
187,1421407492,105998636,51,400,399,1476,2995002,0
187,1421407492,107998610,50,400,399,1579,20197002,0
187,1421407492,108998597,52,400,401,1183,3127002,0
187,1421407492,108998597,1,400,401,536,20883002,1
188,1421407492,125998378,2,400,401,1841,17486002,0
188,1421407492,126998365,50,400,399,1579,2623002,0
188,1421407492,128998340,52,400,401,1183,20327002,3
188,1421407492,128998340,51,400,399,1476,2646002,0
188,1421407492,128998340,2,400,401,1841,20841002,1
189,1421407492,146998108,1,400,401,536,20692002,0
189,1421407492,146998108,50,400,401,1600,20395002,2
189,1421407492,148998082,52,400,401,1196,20337002,0
189,1421407492,148998082,51,400,399,1476,2363002,0
189,1421407492,149998069,1,400,401,536,20885002,1
190,1421407492,167997838,2,400,401,1841,20865002,1
190,1421407492,167997838,50,400,401,1600,20285002,0
190,1421407492,168997825,52,400,401,1196,20319002,0
190,1421407492,169997812,51,400,401,1501,2087002,0
190,1421407492,169997812,1,400,401,536,20806002,1
191,1421407492,187997580,2,400,403,1879,20805002,1
191,1421407492,188997567,50,400,401,1600,20599002,0
191,1421407492,188997567,52,400,401,1196,1846002,0
191,1421407492,189997554,51,400,401,1501,1889002,0
191,1421407492,189997554,2,400,402,1879,20669002,0
192,1421407492,208997310,1,400,401,536,20669002,0
192,1421407492,208997310,51,400,401,1501,20443002,1
192,1421407492,209997297,50,400,402,1625,20332002,0
192,1421407492,209997297,52,400,402,1216,1547002,0
192,1421407492,210997284,2,400,401,1879,19033002,0
193,1421407492,229997039,1,400,401,536,19052002,0
193,1421407492,229997039,50,400,401,1625,20247002,1
193,1421407492,229997039,52,400,401,1216,1170000,0
193,1421407492,230997026,51,400,401,1501,1172000,0
193,1421407492,230997026,2,400,402,1903,19503002,0
194,1421407492,249996782,1,400,401,536,19513002,0
194,1421407492,250996769,51,400,399,1474,20404000,1
194,1421407492,250996769,52,400,401,1216,725000,0
194,1421407492,251996756,50,400,401,1625,20351000,0
194,1421407492,251996756,2,400,401,1903,20859002,1
195,1421407492,270996512,1,400,403,569,20855002,1
195,1421407492,270996512,51,400,399,1474,20501000,1
195,1421407492,271996499,52,400,401,1216,20551000,1
195,1421407492,271996499,50,400,401,1643,547000,0
195,1421407492,271996499,50,400,401,1643,20510000,2
196,1421407492,291996241,2,400,401,1903,20291000,0
196,1421407492,291996241,1,400,402,569,20307000,0
196,1421407492,292996228,51,400,399,1474,338000,0
196,1421407492,292996228,52,400,401,1231,625000,0
196,1421407492,292996228,50,400,401,1643,20666000,2
197,1421407492,312995971,51,400,399,1479,20690000,3
197,1421407492,312995971,52,400,401,1231,482000,0
197,1421407492,313995958,1,400,401,569,20467000,0
197,1421407492,313995958,2,400,401,1913,20452000,0
197,1421407492,313995958,50,400,401,1643,20451000,2
198,1421407492,332995713,51,400,399,1479,20613000,0
198,1421407492,332995713,52,400,401,1231,20611000,3
198,1421407492,333995700,1,400,401,569,21265000,2
198,1421407492,333995700,2,400,401,1913,660000,0
198,1421407492,333995700,50,400,401,1651,20440000,0
199,1421407492,352995456,51,400,399,1479,19920000,0
199,1421407492,353995443,52,400,401,1231,19875000,0
199,1421407492,353995443,1,400,401,569,830000,0
199,1421407492,353995443,2,400,401,1913,828000,0
199,1421407492,354995430,50,400,401,1651,20288000,0
200,1421407492,373995185,51,400,399,1487,19760000,0
200,1421407492,373995185,52,400,401,1231,20000000,0
200,1421407492,374995173,2,400,401,1913,986000,0
200,1421407492,374995173,1,400,401,569,20894000,1
200,1421407492,375995160,50,400,401,1651,20431000,0
201,1421407492,393994928,52,400,401,1231,19804000,0
201,1421407492,394994915,51,400,399,1487,20023000,0
201,1421407492,394994915,2,400,399,1892,1064000,0
201,1421407492,394994915,1,400,401,569,1075000,0
201,1421407492,395994902,50,400,399,1640,20247000,0
202,1421407492,413994670,52,400,401,1248,20768000,1
202,1421407492,414994658,51,400,399,1487,19824000,0
202,1421407492,414994658,1,400,401,569,1085000,0
202,1421407492,414994658,2,400,399,1892,1067000,0
202,1421407492,415994645,50,400,399,1640,19818000,0
203,1421407492,434994400,52,400,401,1248,20451000,0
203,1421407492,434994400,51,400,399,1487,19817000,0
203,1421407492,435994387,1,400,401,569,20671000,1
203,1421407492,435994387,2,400,399,1892,1247000,0
203,1421407492,436994374,50,400,399,1640,19716000,0
204,1421407492,454994143,52,400,401,1248,20235000,0
204,1421407492,455994130,51,400,398,1468,19798000,0
204,1421407492,455994130,1,400,401,569,20529000,0
204,1421407492,456994117,2,400,399,1890,20608000,1
204,1421407492,456994117,50,400,399,1634,19703000,0
205,1421407492,475993872,52,400,401,1248,20143000,0
205,1421407492,475993872,51,400,399,1468,19582000,0
205,1421407492,476993859,1,400,401,569,20656000,0
205,1421407492,476993859,2,400,399,1890,20736000,0
205,1421407492,477993846,50,400,399,1634,19987000,0
206,1421407492,495993615,52,400,402,1277,20101000,0
206,1421407492,495993615,51,400,399,1468,19345000,0
206,1421407492,496993602,2,400,399,1890,20855000,1
206,1421407492,497993589,1,400,401,569,1651000,0
206,1421407492,497993589,50,400,399,1634,20054000,0
207,1421407492,515993357,52,400,401,1277,20238000,0
207,1421407492,516993344,51,400,401,1494,18898000,0
207,1421407492,516993344,2,400,399,1887,1855000,0
207,1421407492,518993319,1,400,401,569,1924000,0
207,1421407492,518993319,50,400,399,1634,20104000,0
208,1421407492,536993087,52,400,401,1277,20238000,0
208,1421407492,536993087,51,400,401,1494,18460000,0
208,1421407492,536993087,2,400,399,1887,20767000,1
208,1421407492,538993061,1,400,401,569,2277000,0
208,1421407492,539993048,50,400,399,1638,19996000,0
209,1421407492,556992829,52,400,401,1294,20215000,0
209,1421407492,556992829,51,400,401,1494,18072000,0
209,1421407492,556992829,1,400,401,569,20722000,1
209,1421407492,559992791,2,400,399,1887,2525000,0
209,1421407492,559992791,52,400,401,1294,20418000,0
210,1421407492,577992559,51,400,401,1497,17869001,0
210,1421407492,577992559,50,400,399,1638,20403000,0
210,1421407492,577992559,2,400,399,1887,20781000,1
210,1421407492,579992533,1,400,401,569,20781000,1
210,1421407492,580992520,50,400,399,1638,20606000,2
211,1421407492,597992302,51,400,401,1497,17513000,0
211,1421407492,597992302,52,400,401,1294,20706000,2
211,1421407492,598992289,2,400,398,1875,2932000,0
211,1421407492,600992263,1,400,401,569,2992000,0
211,1421407492,600992263,51,400,401,1497,20339001,1
212,1421407492,617992044,50,400,401,1658,20222001,0
212,1421407492,618992031,52,400,401,1311,17286000,0
212,1421407492,618992031,1,400,401,569,20657000,1
212,1421407492,621991993,2,400,399,1875,20710000,1
212,1421407492,621991993,51,400,401,1497,20210000,0
213,1421407492,638991774,50,400,401,1658,20277000,0
213,1421407492,638991774,52,400,401,1311,16924001,0
213,1421407492,638991774,2,400,399,1875,3384001,0
213,1421407492,641991735,1,400,401,569,3514000,0
213,1421407492,642991722,51,400,399,1485,16726001,0
214,1421407492,658991516,50,400,401,1658,16682001,0
214,1421407492,658991516,52,400,401,1311,20215001,1
214,1421407492,658991516,1,400,401,569,3916001,0
214,1421407492,662991465,2,400,397,1854,3898001,0
214,1421407492,663991452,51,400,399,1485,16363001,0
215,1421407492,678991259,52,400,401,1311,16308001,0
215,1421407492,679991246,50,400,403,1694,20377001,3
215,1421407492,679991246,1,400,405,628,20825001,1
215,1421407492,683991194,2,400,398,1854,20841001,1
215,1421407492,683991194,52,400,402,1339,20442001,3
216,1421407492,698991001,51,400,399,1485,16270001,0
216,1421407492,699990988,50,400,402,1694,16361001,0
216,1421407492,699990988,2,400,399,1854,4279001,0
216,1421407492,703990937,1,400,404,628,20661001,0
216,1421407492,703990937,52,400,401,1339,20415001,0
217,1421407492,719990731,51,400,401,1511,20453001,1
217,1421407492,719990731,50,400,401,1694,16005001,0
217,1421407492,719990731,2,400,398,1839,20779001,1
217,1421407492,723990679,1,400,403,628,20772001,1
217,1421407492,724990666,52,400,401,1339,20238001,0
218,1421407492,739990473,51,400,401,1511,20276001,0
218,1421407492,739990473,50,400,401,1694,20327001,1
218,1421407492,740990460,1,400,402,628,20868001,1
218,1421407492,744990409,2,400,399,1839,4792001,0
218,1421407492,745990396,51,400,401,1511,20327001,1
219,1421407492,759990216,52,400,401,1354,15299001,0
219,1421407492,760990203,50,400,402,1718,20433001,2
219,1421407492,760990203,1,400,401,628,20562001,0
219,1421407492,765990139,2,400,399,1839,20686001,1
219,1421407492,765990139,50,400,401,1718,15050001,0
220,1421407492,780989946,52,400,401,1354,15056001,0
220,1421407492,780989946,51,400,400,1506,15039001,0
220,1421407492,781989933,2,400,399,1839,20758001,0
220,1421407492,786989868,1,400,401,628,5460001,0
220,1421407492,786989868,52,400,401,1354,20430001,3
221,1421407492,801989675,50,400,401,1718,20497001,3
221,1421407492,801989675,51,400,400,1506,14937001,0
221,1421407492,801989675,1,400,401,628,20915001,1
221,1421407492,806989611,2,400,397,1814,20915001,1
221,1421407492,806989611,50,400,401,1718,20290001,0
222,1421407492,820989431,52,400,401,1366,20316001,0
222,1421407492,821989418,51,400,400,1506,14434001,0
222,1421407492,821989418,2,400,398,1814,20833001,1
222,1421407492,827989340,1,400,401,628,20810001,1
222,1421407492,827989340,52,400,401,1366,20332001,0
223,1421407492,841989160,51,400,400,1506,14140001,0
223,1421407492,842989147,50,400,401,1718,20468001,1
223,1421407492,842989147,1,400,401,628,6385001,0
223,1421407492,848989070,2,400,399,1814,6376001,0
223,1421407492,848989070,50,400,401,1718,20364001,1
224,1421407492,862988890,51,400,400,1511,13875001,0
224,1421407492,862988890,52,400,401,1366,13811001,0
224,1421407492,863988877,1,400,401,628,6750001,0
224,1421407492,869988800,2,400,399,1818,6748001,0
224,1421407492,869988800,50,400,401,1721,20453001,0
225,1421407492,882988632,51,400,400,1511,13467001,0
225,1421407492,883988619,52,400,401,1366,20486001,3
225,1421407492,883988619,2,400,399,1818,7036001,0
225,1421407492,889988542,1,400,401,628,20843001,1
225,1421407492,890988529,50,400,401,1721,20433001,2
226,1421407492,902988375,52,400,402,1393,20325001,0
226,1421407492,903988362,51,400,400,1511,13461001,0
226,1421407492,903988362,2,400,399,1818,20838001,1
226,1421407492,910988272,1,400,401,628,20844001,1
226,1421407492,910988272,52,400,401,1393,20202001,0
227,1421407492,922988117,50,400,401,1721,20229001,0
227,1421407492,923988104,51,400,401,1530,13306001,0
227,1421407492,923988104,2,400,399,1815,7756001,0
227,1421407492,931988001,1,400,401,628,20651001,0
227,1421407492,931988001,50,400,401,1721,19928001,0
228,1421407492,943987847,52,400,401,1393,19873001,0
228,1421407492,943987847,51,400,401,1530,13107001,0
228,1421407492,944987834,1,400,404,669,20772001,0
228,1421407492,951987744,2,400,399,1815,20699001,1
228,1421407492,952987731,52,400,403,1424,19685001,0
229,1421407492,963987589,50,400,399,1710,19736001,0
229,1421407492,964987577,51,400,401,1530,12791001,0
229,1421407492,964987577,2,400,399,1815,20893001,1
229,1421407492,972987474,1,400,403,669,20893001,1
229,1421407492,972987474,52,400,402,1424,20482001,2
230,1421407492,984987319,50,400,399,1710,19779001,0
230,1421407492,984987319,51,400,401,1532,12477002,0
230,1421407492,985987306,1,400,402,669,20986001,1
230,1421407492,993987203,2,400,399,1815,20889001,1
230,1421407492,993987203,50,400,399,1710,20543002,1
231,1421407493,4999936,52,400,401,1424,20082002,0
231,1421407493,4999936,51,400,401,1532,11909002,0
231,1421407493,5999923,1,400,401,669,8979001,0
231,1421407493,13999820,2,400,398,1802,8942001,0
231,1421407493,14999807,50,400,399,1714,20641001,1
232,1421407493,25999666,52,400,403,1456,11591002,0
232,1421407493,25999666,51,400,401,1532,11740002,0
232,1421407493,26999653,1,400,401,669,20747002,1
232,1421407493,34999550,2,400,399,1802,9033002,0
232,1421407493,34999550,50,400,399,1714,20191002,0
233,1421407493,45999408,52,400,402,1456,20585002,2
233,1421407493,45999408,51,400,401,1532,11546002,0
233,1421407493,46999395,2,400,399,1802,9203001,0
233,1421407493,55999280,1,400,401,669,9353002,0
233,1421407493,55999280,52,400,401,1456,11199002,0
234,1421407493,66999138,50,400,399,1714,20539002,0
234,1421407493,66999138,51,400,402,1555,20898002,2
234,1421407493,67999125,2,400,397,1781,20801001,1
234,1421407493,75999022,1,400,401,669,20710001,1
234,1421407493,76999009,52,400,401,1456,20964002,3
235,1421407493,86998880,50,400,401,1740,11577002,0
235,1421407493,87998868,51,400,401,1555,11654002,0
235,1421407493,87998868,2,400,398,1781,20712001,1
235,1421407493,96998752,1,400,401,669,9503002,0
235,1421407493,96998752,52,400,403,1493,20777002,0
236,1421407493,107998610,50,400,401,1740,11322002,0
236,1421407493,108998597,51,400,401,1555,20857002,2
236,1421407493,108998597,1,400,401,669,9316002,0
236,1421407493,117998481,2,400,399,1781,20782002,0
236,1421407493,117998481,52,400,402,1493,20856002,1
237,1421407493,128998340,50,400,401,1740,20515002,1
237,1421407493,128998340,51,400,401,1569,20412002,0
237,1421407493,128998340,2,400,399,1780,20696002,0
237,1421407493,137998224,1,400,401,669,20790002,1
237,1421407493,137998224,50,400,401,1740,20511002,1
238,1421407493,148998082,52,400,401,1493,20418002,0
238,1421407493,148998082,51,400,401,1569,11203002,0
238,1421407493,149998069,2,400,399,1780,9740002,0
238,1421407493,158997953,1,400,401,669,20832002,0
238,1421407493,158997953,52,400,402,1516,20412002,0
239,1421407493,169997812,50,400,402,1761,20335002,0
239,1421407493,169997812,51,400,401,1569,10889002,0
239,1421407493,169997812,2,400,399,1780,20900002,2
239,1421407493,179997683,1,400,401,669,10064002,0
239,1421407493,179997683,52,400,401,1516,20311002,0
240,1421407493,189997554,50,400,401,1761,20676002,2
240,1421407493,189997554,51,400,400,1563,10765002,0
240,1421407493,190997541,2,400,399,1780,20758002,0
240,1421407493,199997426,1,400,401,669,10159002,0
240,1421407493,200997413,51,400,400,1563,10716002,0
241,1421407493,210997284,52,400,401,1516,21054002,2
241,1421407493,210997284,50,400,401,1761,10986002,0
241,1421407493,211997271,2,400,399,1777,20982002,1
241,1421407493,220997155,1,400,404,711,20952002,1
241,1421407493,220997155,51,400,400,1563,20701002,1
242,1421407493,230997026,52,400,401,1527,10708000,0
242,1421407493,231997014,50,400,401,1770,10817000,0
242,1421407493,231997014,1,400,403,711,20768002,0
242,1421407493,241996885,2,400,399,1777,20677002,0
242,1421407493,241996885,51,400,400,1563,20705000,1
243,1421407493,251996756,52,400,401,1527,20636000,1
243,1421407493,252996743,50,400,401,1770,10706000,0
243,1421407493,252996743,2,400,399,1777,20851002,1
243,1421407493,261996627,1,400,402,711,20960002,1
243,1421407493,262996615,51,400,401,1581,20333000,0
244,1421407493,271996499,52,400,401,1527,20577000,2
244,1421407493,272996486,50,400,401,1770,20526000,1
244,1421407493,272996486,1,400,401,711,20874002,1
244,1421407493,282996357,2,400,399,1780,10367000,0
244,1421407493,283996344,51,400,401,1581,20404000,0
245,1421407493,292996228,50,400,401,1781,10104000,0
245,1421407493,292996228,52,400,401,1527,10218000,0
245,1421407493,293996215,2,400,399,1780,20846000,1
245,1421407493,303996087,1,400,401,711,21001000,1
245,1421407493,303996087,50,400,401,1781,20580000,2
246,1421407493,312995971,51,400,401,1581,20653000,1
246,1421407493,313995958,52,400,402,1552,20670000,2
246,1421407493,313995958,2,400,399,1780,20902000,1
246,1421407493,324995816,1,400,401,711,20974000,1
246,1421407493,324995816,50,400,401,1781,20574000,1
247,1421407493,333995700,51,400,401,1586,9629000,0
247,1421407493,334995688,52,400,401,1552,20625000,1
247,1421407493,334995688,2,400,399,1782,10982000,0
247,1421407493,344995559,1,400,401,711,20726000,0
247,1421407493,344995559,52,400,401,1552,9271000,0
248,1421407493,353995443,51,400,401,1586,9302000,0
248,1421407493,354995430,50,400,401,1781,20463000,0
248,1421407493,354995430,1,400,404,751,20596000,0
248,1421407493,365995288,2,400,399,1782,20812000,1
248,1421407493,365995288,52,400,402,1574,20588000,3
249,1421407493,374995173,51,400,401,1586,9059000,0
249,1421407493,374995173,50,400,401,1781,9156000,0
249,1421407493,375995160,1,400,403,751,11394000,0
249,1421407493,386995018,2,400,399,1782,11373000,0
249,1421407493,386995018,50,400,401,1781,20568000,3
250,1421407493,394994915,52,400,401,1574,8816000,0
250,1421407493,394994915,51,400,400,1584,8876000,0
250,1421407493,395994902,1,400,402,751,20851000,1
250,1421407493,406994761,2,400,399,1782,20875000,1
250,1421407493,406994761,52,400,401,1574,20319000,1
251,1421407493,414994658,50,400,401,1781,20317000,0
251,1421407493,415994645,51,400,400,1584,8622000,0
251,1421407493,415994645,2,400,397,1758,20627000,0
251,1421407493,427994490,1,400,401,751,20665000,0
251,1421407493,427994490,52,400,402,1601,20512000,2
252,1421407493,435994387,50,400,401,1789,8458000,0
252,1421407493,435994387,51,400,400,1584,8498000,0
252,1421407493,436994374,1,400,401,751,20766000,1
252,1421407493,447994233,2,400,398,1758,20805000,1
252,1421407493,447994233,50,400,401,1789,20527000,3
253,1421407493,455994130,52,400,401,1601,8262000,0
253,1421407493,456994117,51,400,400,1584,8317000,0
253,1421407493,456994117,2,400,399,1758,20866000,1
253,1421407493,468993962,1,400,401,751,20786000,1
253,1421407493,468993962,52,400,401,1601,8149000,0
254,1421407493,476993859,50,400,401,1789,8153000,0
254,1421407493,476993859,51,400,401,1601,8244000,0
254,1421407493,477993846,1,400,401,751,12347000,0
254,1421407493,488993705,2,400,398,1743,12497000,0
254,1421407493,489993692,50,400,401,1799,20545000,3
255,1421407493,496993602,52,400,401,1601,20669000,2
255,1421407493,497993589,51,400,401,1601,8074000,0
255,1421407493,497993589,1,400,404,793,12359000,0
255,1421407493,509993434,2,400,399,1743,12399000,0
255,1421407493,509993434,50,400,401,1799,7944000,0
256,1421407493,517993332,52,400,403,1636,7952000,0
256,1421407493,517993332,51,400,401,1601,7995000,0
256,1421407493,518993319,1,400,403,793,12358000,0
256,1421407493,529993177,2,400,399,1743,20630000,1
256,1421407493,530993164,50,400,401,1799,20578000,3
257,1421407493,537993074,52,400,402,1636,8072000,0
257,1421407493,538993061,51,400,401,1611,20536000,1
257,1421407493,538993061,2,400,399,1738,20541000,0
257,1421407493,551992894,1,400,402,793,12384000,0
257,1421407493,551992894,52,400,401,1636,20453000,1
258,1421407493,558992804,50,400,401,1799,20497001,0
258,1421407493,558992804,51,400,401,1611,8158000,0
258,1421407493,559992791,2,400,399,1738,20614000,1
258,1421407493,570992649,1,400,401,793,12441000,0
258,1421407493,571992636,52,400,403,1672,20580001,2
259,1421407493,578992546,50,400,401,1810,8029000,0
259,1421407493,579992533,51,400,401,1611,8038000,0
259,1421407493,579992533,1,400,401,793,12469000,0
259,1421407493,591992379,2,400,399,1738,20481000,0
259,1421407493,591992379,52,400,402,1672,20545000,0
260,1421407493,600992263,51,400,401,1622,7794001,0
260,1421407493,600992263,50,400,401,1810,7940001,0
260,1421407493,601992250,1,400,401,793,12374000,0
260,1421407493,612992108,2,400,399,1738,20567000,1
260,1421407493,613992096,52,400,401,1672,20430001,0
261,1421407493,620992005,51,400,401,1622,20531001,1
261,1421407493,620992005,50,400,401,1810,8001001,0
261,1421407493,621991993,1,400,401,793,20585000,1
261,1421407493,633991838,2,400,396,1700,20613000,0
261,1421407493,633991838,52,400,403,1703,7908001,0
262,1421407493,641991735,50,400,401,1828,7922001,0
262,1421407493,641991735,51,400,401,1622,7877001,0
262,1421407493,642991722,1,400,401,793,12463001,0
262,1421407493,653991581,2,400,397,1700,20509000,0
262,1421407493,654991568,50,400,401,1828,20569001,3
263,1421407493,661991478,52,400,402,1703,20550001,3
263,1421407493,661991478,51,400,401,1622,7730001,0
263,1421407493,662991465,1,400,401,793,20661001,1
263,1421407493,674991310,2,400,398,1700,20580001,0
263,1421407493,674991310,51,400,401,1638,7466001,0
264,1421407493,681991220,52,400,401,1703,20357001,0
264,1421407493,682991207,50,400,401,1828,7622001,0
264,1421407493,682991207,1,400,401,793,20654001,0
264,1421407493,694991053,2,400,398,1699,13009001,0
264,1421407493,695991040,50,400,401,1841,20529001,3
265,1421407493,702990950,51,400,401,1638,7469001,0
265,1421407493,702990950,52,400,401,1703,7518001,0
265,1421407493,702990950,2,400,399,1699,13137001,0
265,1421407493,715990782,1,400,401,793,13165001,0
265,1421407493,715990782,51,400,401,1638,7292001,0
266,1421407493,722990692,52,400,402,1731,20602001,3
266,1421407493,723990679,50,400,401,1841,7191001,0
266,1421407493,723990679,1,400,401,793,20766001,1
266,1421407493,735990525,2,400,399,1699,20789001,1
266,1421407493,736990512,51,400,400,1635,20655001,1
267,1421407493,743990422,52,400,401,1731,20579001,0
267,1421407493,743990422,50,400,401,1841,7188001,0
267,1421407493,743990422,1,400,401,793,20842001,1
267,1421407493,756990254,2,400,399,1695,20844001,1
267,1421407493,757990242,51,400,400,1635,20401001,0
268,1421407493,763990164,52,400,401,1731,7054001,0
268,1421407493,763990164,50,400,401,1841,7187001,0
268,1421407493,764990151,1,400,405,846,20734001,1
268,1421407493,777989984,2,400,399,1695,20781001,1
268,1421407493,777989984,50,400,403,1879,6983001,0
269,1421407493,784989894,51,400,400,1635,20716001,1
269,1421407493,784989894,52,400,401,1746,7131001,0
269,1421407493,785989881,1,400,404,846,20636001,0
269,1421407493,797989727,2,400,399,1695,20614001,0
269,1421407493,798989714,50,400,402,1879,6907001,0
270,1421407493,804989637,51,400,400,1644,20356001,0
270,1421407493,804989637,52,400,401,1746,6989001,0
270,1421407493,804989637,1,400,403,846,20837001,1
270,1421407493,817989469,2,400,399,1695,20870001,1
270,1421407493,818989456,52,400,401,1746,20525001,1
271,1421407493,824989379,50,400,401,1879,20551001,2
271,1421407493,824989379,51,400,400,1644,6791001,0
271,1421407493,825989366,2,400,399,1687,20716001,0
271,1421407493,838989199,1,400,402,846,20716001,0
271,1421407493,838989199,51,400,400,1644,6614001,0
272,1421407493,844989122,50,400,402,1903,6651001,0
272,1421407493,845989109,52,400,402,1768,6637001,0
272,1421407493,845989109,2,400,399,1687,20877001,1
272,1421407493,860988916,1,400,401,846,20902001,1
272,1421407493,860988916,50,400,401,1903,20565001,1
273,1421407493,866988838,51,400,400,1644,6443001,0
273,1421407493,866988838,52,400,401,1768,6419001,0
273,1421407493,866988838,2,400,399,1687,20769001,0
273,1421407493,880988658,1,400,401,846,20676001,0
273,1421407493,880988658,51,400,400,1646,20808001,1
274,1421407493,887988568,50,400,401,1903,6523001,0
274,1421407493,887988568,52,400,401,1768,6535001,0
274,1421407493,887988568,2,400,399,1695,20685001,0
274,1421407493,901988388,1,400,401,846,20744001,0
274,1421407493,901988388,51,400,400,1646,20796001,2
275,1421407493,907988310,50,400,401,1913,20989001,2
275,1421407493,908988298,52,400,401,1768,20783001,3
275,1421407493,908988298,2,400,399,1695,20765001,0
275,1421407493,922988117,1,400,408,935,20695001,0
275,1421407493,922988117,50,400,401,1913,20679001,1
276,1421407493,928988040,51,400,400,1646,20292001,0
276,1421407493,928988040,52,400,403,1802,20431001,0
276,1421407493,928988040,2,400,399,1695,14337001,0
276,1421407493,942987860,1,400,407,935,14342001,0
276,1421407493,942987860,51,400,400,1655,20419001,0
277,1421407493,948987783,50,400,401,1913,20608001,1
277,1421407493,948987783,52,400,402,1802,6089001,0
277,1421407493,948987783,2,400,397,1672,20768001,2
277,1421407493,963987589,1,400,406,935,20866001,2
277,1421407493,963987589,51,400,400,1655,20504001,1
278,1421407493,968987525,50,400,401,1913,20354001,0
278,1421407493,969987512,52,400,401,1802,5725002,0
278,1421407493,969987512,1,400,405,935,20584001,0
278,1421407493,983987332,2,400,398,1672,20557001,0
278,1421407493,984987319,52,400,401,1819,20592001,3
279,1421407493,989987255,51,400,400,1655,20842001,1
279,1421407493,989987255,50,400,399,1892,5832002,0
279,1421407493,989987255,2,400,399,1672,20873001,1
279,1421407494,4999936,1,400,404,935,14910001,0
279,1421407494,4999936,50,400,399,1892,20565001,2
280,1421407494,9999872,51,400,401,1673,5598002,0
280,1421407494,9999872,52,400,401,1819,20530002,0
280,1421407494,10999859,2,400,399,1672,20890001,1
280,1421407494,24999679,1,400,403,935,20992001,1
280,1421407494,25999666,52,400,401,1819,20332002,1
281,1421407494,29999614,51,400,401,1673,5164002,0
281,1421407494,30999601,50,400,399,1892,5138002,0
281,1421407494,30999601,2,400,397,1648,20629002,0
281,1421407494,45999408,1,400,409,1009,15412001,0
281,1421407494,45999408,52,400,402,1842,20263002,0
282,1421407494,50999344,50,400,399,1890,20306002,2
282,1421407494,50999344,51,400,401,1673,4770002,0
282,1421407494,50999344,1,400,408,1009,20826002,1
282,1421407494,65999151,2,400,398,1648,20680002,1
282,1421407494,66999138,50,400,399,1890,4410002,0
283,1421407494,70999086,51,400,401,1673,20356002,2
283,1421407494,70999086,52,400,401,1842,4473002,0
283,1421407494,71999074,1,400,407,1009,20682002,1
283,1421407494,86998880,2,400,399,1648,20637002,0
283,1421407494,87998868,52,400,401,1842,20367002,3
284,1421407494,90998829,51,400,402,1701,4253002,0
284,1421407494,90998829,50,400,399,1890,20460002,3
284,1421407494,91998816,2,400,398,1634,20656002,0
284,1421407494,107998610,1,400,406,1009,20697002,0
284,1421407494,107998610,50,400,399,1887,20246002,0
285,1421407494,111998559,51,400,401,1701,20403002,3
285,1421407494,111998559,52,400,401,1842,20327002,0
285,1421407494,111998559,2,400,399,1634,20786002,1
285,1421407494,127998353,1,400,405,1009,20879002,1
285,1421407494,127998353,52,400,403,1873,20394002,1
286,1421407494,131998301,50,400,399,1887,3553002,0
286,1421407494,131998301,51,400,401,1701,20376002,0
286,1421407494,131998301,2,400,399,1634,20712002,0
286,1421407494,148998082,1,400,404,1009,20771002,0
286,1421407494,148998082,50,400,399,1887,3130002,0
287,1421407494,151998044,51,400,402,1722,20271002,1
287,1421407494,151998044,52,400,402,1873,20490002,2
287,1421407494,152998031,2,400,395,1586,17372002,0
287,1421407494,169997812,1,400,403,1009,20917002,1
287,1421407494,170997799,50,400,399,1887,2789002,0
288,1421407494,171997786,52,400,401,1873,20406002,1
288,1421407494,172997773,51,400,401,1722,2903002,0
288,1421407494,172997773,2,400,396,1586,20751002,2
288,1421407494,189997554,1,400,402,1009,20833002,1
288,1421407494,190997541,52,400,402,1898,2474002,0
289,1421407494,192997516,51,400,401,1722,20482002,1
289,1421407494,192997516,50,400,398,1875,2454002,0
289,1421407494,193997503,2,400,397,1586,20399002,0
289,1421407494,210997284,1,400,401,1009,20728002,1
289,1421407494,210997284,50,400,399,1875,20408002,3
290,1421407494,212997258,51,400,401,1737,20511002,1
290,1421407494,213997245,52,400,401,1898,2333002,0
290,1421407494,213997245,1,400,401,1009,20686002,1
290,1421407494,231997014,2,400,398,1586,20737002,1
290,1421407494,231997014,52,400,401,1898,20338002,2
291,1421407494,232997001,50,400,399,1875,2064000,0
291,1421407494,233996988,51,400,401,1737,2053000,0
291,1421407494,233996988,2,400,399,1586,20571002,0
291,1421407494,251996756,1,400,401,1009,20678002,1
291,1421407494,251996756,50,400,397,1854,20285000,3
292,1421407494,252996743,51,400,401,1737,20445000,1
292,1421407494,252996743,52,400,405,1952,1804000,0
292,1421407494,252996743,2,400,399,1586,20527002,0
292,1421407494,272996486,1,400,401,1009,18662002,0
292,1421407494,272996486,52,400,404,1952,20307000,2
293,1421407494,272996486,50,400,398,1854,1513000,0
293,1421407494,273996473,51,400,401,1737,1522000,0
293,1421407494,273996473,2,400,399,1586,20705000,0
293,1421407494,292996228,1,400,401,1009,18923000,0
293,1421407494,293996215,52,400,403,1952,20382000,1
294,1421407494,293996215,51,400,401,1740,1258000,0
294,1421407494,293996215,50,400,399,1854,1241000,0
294,1421407494,294996203,2,400,400,1597,20730000,1
294,1421407494,314995945,1,400,401,1009,19255000,0
294,1421407494,315995932,50,400,398,1839,20392000,3
295,1421407494,315995932,51,400,401,1740,20416000,3
295,1421407494,315995932,52,400,402,1952,1124000,0
295,1421407494,316995919,2,400,400,1597,20689000,0
295,1421407494,334995688,1,400,408,1090,20759000,2
295,1421407494,334995688,51,400,401,1740,20242000,0
296,1421407494,335995675,50,400,399,1839,20338000,0
296,1421407494,335995675,52,400,405,1998,805000,0
296,1421407494,336995662,1,400,407,1090,20614000,0
296,1421407494,355995417,2,400,400,1597,20839000,1
296,1421407494,355995417,50,400,399,1839,20196000,0
297,1421407494,355995417,51,400,401,1745,20219000,0
297,1421407494,356995404,52,400,404,1998,383000,0
297,1421407494,356995404,1,400,406,1090,20613000,0
297,1421407494,375995160,2,400,399,1578,20615000,1
297,1421407494,376995147,50,400,399,1839,182000,0
298,1421407494,376995147,51,400,401,1745,20659000,4
298,1421407494,376995147,52,400,403,1998,20746000,5
298,1421407494,377995134,52,400,402,2002,20309000,0
298,1421407494,395994902,50,400,397,1814,20612000,4
298,1421407494,396994889,2,400,399,1578,20634000,0
299,1421407494,396994889,1,400,405,1090,20730000,1
299,1421407494,397994876,51,400,401,1745,20544000,0
299,1421407494,397994876,52,400,401,2002,20309000,0
299,1421407494,416994632,50,400,398,1814,20498000,1
299,1421407494,416994632,51,400,402,1765,361000,0
300,1421407494,417994619,1,400,404,1090,20458000,0
300,1421407494,417994619,2,400,399,1578,20741000,1
300,1421407494,417994619,50,400,399,1814,20347000,1
300,1421407494,436994374,52,400,401,2002,20289000,0
300,1421407494,436994374,51,400,401,1765,20336000,2
301,1421407494,437994361,2,400,399,1578,21017000,1
301,1421407494,437994361,1,400,403,1090,20688000,0
301,1421407494,437994361,52,400,401,2014,20313000,2
301,1421407494,456994117,50,400,399,1818,20252000,0
301,1421407494,457994104,51,400,401,1765,19873000,0
302,1421407494,457994104,2,400,399,1579,20685000,0
302,1421407494,458994091,1,400,402,1090,20512000,0
302,1421407494,458994091,52,400,401,2014,20255000,0
302,1421407494,477993846,50,400,399,1818,20253000,0
302,1421407494,477993846,51,400,401,1765,19547000,0
303,1421407494,478993834,2,400,399,1579,20821000,1
303,1421407494,478993834,1,400,401,1090,20867000,1
303,1421407494,478993834,52,400,401,2014,20444000,0
303,1421407494,497993589,50,400,399,1818,20287000,0
303,1421407494,498993576,51,400,402,1785,19127000,0
304,1421407494,498993576,1,400,401,1090,20762000,0
304,1421407494,499993563,2,400,399,1579,20749000,0
304,1421407494,499993563,52,400,401,2014,20334000,0
304,1421407494,518993319,51,400,401,1785,18766000,0
304,1421407494,518993319,50,400,399,1815,18776000,0
305,1421407494,518993319,1,400,401,1090,20880000,1
305,1421407494,520993293,2,400,396,1541,21032000,1
305,1421407494,520993293,50,400,399,1815,20407000,3
305,1421407494,538993061,52,400,401,2033,20357000,2
305,1421407494,538993061,51,400,401,1785,18535000,0
306,1421407494,539993048,1,400,401,1090,20884000,0
306,1421407494,540993035,2,400,397,1541,20843000,0
306,1421407494,541993023,50,400,399,1815,20283000,0
306,1421407494,558992804,52,400,401,2033,20281000,0
306,1421407494,558992804,51,400,402,1812,18112000,0
307,1421407494,559992791,1,400,401,1090,20623000,0
307,1421407494,561992765,2,400,398,1541,20628000,0
307,1421407494,561992765,52,400,401,2033,20199000,0
307,1421407494,579992533,50,400,399,1815,20049000,0
307,1421407494,579992533,51,400,401,1812,20413001,1
308,1421407494,579992533,1,400,401,1090,20786000,1
308,1421407494,582992495,2,400,394,1494,20720000,0
308,1421407494,582992495,50,400,398,1802,17318000,0
308,1421407494,599992276,51,400,401,1812,17418000,0
308,1421407494,599992276,52,400,400,2023,17306001,0
309,1421407494,600992263,2,400,395,1494,20841000,0
309,1421407494,602992237,1,400,401,1090,20836000,0
309,1421407494,603992224,51,400,403,1844,20438000,2
309,1421407494,619992018,50,400,399,1802,16982001,0
309,1421407494,620992005,52,400,400,2023,16999001,0
310,1421407494,620992005,2,400,396,1494,20937001,1
310,1421407494,623991967,1,400,401,1090,20916000,1
310,1421407494,624991954,52,400,400,2023,20402001,2
310,1421407494,640991748,50,400,399,1802,20345001,3
310,1421407494,640991748,51,400,402,1844,16589001,0
311,1421407494,641991735,2,400,397,1494,21014000,1
311,1421407494,644991696,1,400,401,1090,20710000,0
311,1421407494,644991696,51,400,401,1844,20250001,3
311,1421407494,660991490,50,400,397,1781,16062001,0
311,1421407494,660991490,52,400,398,1998,16097001,0
312,1421407494,661991478,1,400,401,1090,21011001,0
312,1421407494,665991426,2,400,397,1484,20819000,0
312,1421407494,665991426,50,400,398,1781,20362001,1
312,1421407494,680991233,51,400,401,1844,20352001,0
312,1421407494,681991220,52,400,399,1998,20352001,3
313,1421407494,681991220,1,400,401,1090,20927001,1
313,1421407494,686991156,2,400,398,1484,20818000,0
313,1421407494,686991156,51,400,404,1889,15200001,0
313,1421407494,701990963,50,400,399,1781,15192001,0
313,1421407494,701990963,52,400,399,1998,15278001,0
314,1421407494,702990950,2,400,399,1484,5390001,0
314,1421407494,706990898,1,400,401,1090,20790001,0
314,1421407494,707990885,51,400,403,1889,20568001,1
314,1421407494,721990705,50,400,399,1780,15093001,0
314,1421407494,721990705,52,400,399,1998,15096001,0
315,1421407494,722990692,2,400,397,1459,21027001,1
315,1421407494,727990628,1,400,401,1090,5843001,0
315,1421407494,727990628,51,400,402,1889,20476001,0
315,1421407494,741990448,50,400,399,1780,14737001,0
315,1421407494,742990435,52,400,399,1990,20554001,2
316,1421407494,742990435,2,400,398,1459,21070001,1
316,1421407494,748990357,1,400,404,1135,21229001,1
316,1421407494,749990345,50,400,399,1780,20384001,1
316,1421407494,762990177,51,400,407,1949,14266001,0
316,1421407494,762990177,52,400,399,1990,20678001,1
317,1421407494,763990164,1,400,403,1135,20824001,0
317,1421407494,769990087,2,400,399,1459,6419001,0
317,1421407494,769990087,51,400,406,1949,20431001,1
317,1421407494,782989920,50,400,399,1780,20618001,2
317,1421407494,783989907,52,400,399,1990,20439001,0
318,1421407494,783989907,1,400,402,1135,20857001,0
318,1421407494,789989830,2,400,399,1454,6900001,0
318,1421407494,790989817,52,400,398,1977,20497001,0
318,1421407494,803989649,50,400,399,1777,13516001,0
318,1421407494,803989649,51,400,405,1949,13646001,0
319,1421407494,803989649,1,400,401,1135,20975001,1
319,1421407494,810989559,2,400,399,1454,7289001,0
319,1421407494,811989546,52,400,399,1977,20422001,1
319,1421407494,823989392,50,400,399,1777,13006001,0
319,1421407494,824989379,51,400,407,1979,13073001,0
320,1421407494,824989379,2,400,399,1454,20997001,1
320,1421407494,831989289,1,400,401,1135,20908001,0
320,1421407494,831989289,50,400,399,1777,12670001,0
320,1421407494,844989122,52,400,399,1977,12686001,0
320,1421407494,844989122,51,400,406,1979,12703001,0
321,1421407494,844989122,1,400,401,1135,20914001,1
321,1421407494,852989019,2,400,399,1454,20866001,0
321,1421407494,852989019,52,400,400,1995,20357001,3
321,1421407494,864988864,50,400,399,1780,12182001,0
321,1421407494,864988864,51,400,405,1979,12186001,0
322,1421407494,865988851,1,400,408,1215,20890001,0
322,1421407494,876988710,2,400,399,1463,8394001,0
322,1421407494,877988697,50,400,399,1780,11688001,0
322,1421407494,884988607,52,400,400,1995,11711001,0
322,1421407494,885988594,51,400,404,1979,11701001,0
323,1421407494,885988594,2,400,399,1463,20906001,1
323,1421407494,893988491,1,400,407,1215,21040001,1
323,1421407494,894988478,52,400,400,1995,20546001,3
323,1421407494,904988349,50,400,399,1780,20541001,3
323,1421407494,905988336,51,400,404,1991,11479001,0
324,1421407494,905988336,2,400,399,1463,20917001,1
324,1421407494,914988220,1,400,406,1215,20749001,0
324,1421407494,914988220,50,400,399,1782,20258001,0
324,1421407494,925988079,51,400,403,1991,20548001,1
324,1421407494,925988079,52,400,400,1995,10990001,0
325,1421407494,925988079,1,400,405,1215,20872001,0
325,1421407494,935987950,2,400,398,1444,20885001,0
325,1421407494,935987950,52,400,400,2003,20541001,1
325,1421407494,945987821,50,400,399,1782,10742001,0
325,1421407494,946987808,51,400,402,1991,10678001,0
326,1421407494,946987808,2,400,399,1444,9992001,0
326,1421407494,956987680,1,400,404,1215,20895001,1
326,1421407494,956987680,50,400,399,1782,20671001,3
326,1421407494,966987551,51,400,402,2009,10314001,0
326,1421407494,966987551,52,400,400,2003,20581001,1
327,1421407494,967987538,1,400,403,1215,21066001,0
327,1421407494,976987422,2,400,399,1444,21090001,1
327,1421407494,977987409,50,400,399,1782,20340002,0
327,1421407494,986987293,51,400,401,2009,20620001,1
327,1421407494,986987293,52,400,400,2003,10206001,0
328,1421407494,987987280,2,400,397,1422,10736001,0
328,1421407494,997987152,1,400,402,1215,10665001,0
328,1421407494,997987152,51,400,401,2009,20754002,0
328,1421407495,7999898,50,400,397,1758,20606001,0
328,1421407495,7999898,52,400,399,1993,10340002,0
329,1421407495,8999885,2,400,398,1422,20923001,1
329,1421407495,18999756,1,400,407,1284,21049001,1
329,1421407495,18999756,51,400,399,1996,20774001,1
329,1421407495,27999640,50,400,398,1758,20592002,0
329,1421407495,28999627,52,400,399,1993,10245002,0
330,1421407495,28999627,1,400,406,1284,20721001,0
330,1421407495,38999498,2,400,399,1422,20741001,0
330,1421407495,39999486,51,400,399,1996,20460002,0
330,1421407495,48999370,52,400,399,1993,10035002,0
330,1421407495,48999370,50,400,399,1758,10341002,0
331,1421407495,49999357,2,400,399,1422,10915001,0
331,1421407495,59999228,1,400,405,1284,10942002,0
331,1421407495,59999228,51,400,399,1996,19948002,0
331,1421407495,69999099,52,400,396,1957,20875002,1
331,1421407495,69999099,50,400,398,1743,10275002,0
332,1421407495,70999086,1,400,404,1284,21124002,1
332,1421407495,80998958,2,400,396,1391,21046002,1
332,1421407495,80998958,51,400,399,1996,20255002,0
332,1421407495,89998842,52,400,397,1957,20771002,1
332,1421407495,89998842,50,400,399,1743,20697002,1
333,1421407495,90998829,2,400,397,1391,11492002,0
333,1421407495,101998687,1,400,403,1284,11520002,0
333,1421407495,101998687,51,400,400,2006,20321002,0
333,1421407495,110998571,52,400,398,1957,9629002,0
333,1421407495,110998571,50,400,399,1743,9464002,0
334,1421407495,111998559,2,400,398,1391,21014002,1
334,1421407495,121998430,1,400,402,1284,21015002,1
334,1421407495,122998417,51,400,400,2006,20461002,0
334,1421407495,130998314,50,400,399,1738,20643002,2
334,1421407495,130998314,52,400,399,1957,9385002,0
335,1421407495,131998301,2,400,396,1370,20812002,0
335,1421407495,142998159,1,400,401,1284,20812002,0
335,1421407495,142998159,51,400,400,2006,20375002,0
335,1421407495,151998044,52,400,396,1921,9114002,0
335,1421407495,151998044,50,400,399,1738,20614002,0
336,1421407495,151998044,1,400,401,1284,20821002,0
336,1421407495,163997889,2,400,397,1370,20820002,0
336,1421407495,163997889,51,400,401,2017,20399002,0
336,1421407495,171997786,50,400,399,1738,8793002,0
336,1421407495,172997773,52,400,397,1921,8816002,0
337,1421407495,172997773,2,400,398,1370,21017002,1
337,1421407495,184997619,1,400,401,1284,21118002,1
337,1421407495,184997619,50,400,399,1738,20632002,2
337,1421407495,192997516,52,400,398,1921,8508002,0
337,1421407495,192997516,51,400,401,2017,8662002,0
338,1421407495,193997503,2,400,398,1364,20783002,0
338,1421407495,204997361,1,400,401,1284,20628002,0
338,1421407495,205997348,52,400,394,1877,20837002,3
338,1421407495,212997258,50,400,396,1700,20798002,1
338,1421407495,213997245,51,400,401,2017,8829002,0
339,1421407495,213997245,1,400,401,1284,20819002,1
339,1421407495,225997091,2,400,399,1364,12269002,0
339,1421407495,225997091,52,400,395,1877,20481002,0
339,1421407495,233996988,50,400,397,1700,20418002,0
339,1421407495,233996988,51,400,401,2018,8469000,0
340,1421407495,233996988,2,400,399,1364,20739002,2
340,1421407495,245996833,1,400,401,1284,20872002,1
340,1421407495,246996820,52,400,396,1877,20390000,0
340,1421407495,253996730,50,400,398,1700,20392000,0
340,1421407495,254996717,51,400,401,2018,8348000,0
341,1421407495,254996717,2,400,399,1364,20724002,0
341,1421407495,266996563,1,400,401,1284,20808002,0
341,1421407495,266996563,52,400,395,1860,20249000,0
341,1421407495,274996460,50,400,398,1699,20617000,1
341,1421407495,274996460,51,400,401,2018,8136000,0
342,1421407495,274996460,2,400,398,1348,20463000,0
342,1421407495,288996280,1,400,407,1359,13048000,0
342,1421407495,288996280,52,400,396,1860,20564000,1
342,1421407495,295996190,51,400,401,2018,20601000,2
342,1421407495,296996177,50,400,399,1699,20368000,0
343,1421407495,296996177,2,400,399,1348,20776000,1
343,1421407495,308996022,1,400,406,1359,13304000,0
343,1421407495,309996009,52,400,397,1860,18919000,0
343,1421407495,316995919,50,400,399,1699,20252000,0
343,1421407495,316995919,51,400,399,1998,20334000,0
344,1421407495,316995919,2,400,399,1348,20577000,0
344,1421407495,329995752,1,400,405,1359,13431000,0
344,1421407495,329995752,52,400,398,1860,20331000,0
344,1421407495,336995662,50,400,399,1695,20382000,0
344,1421407495,336995662,51,400,399,1998,20288000,0
345,1421407495,337995649,1,400,404,1359,13444000,0
345,1421407495,349995494,2,400,399,1348,20575000,0
345,1421407495,349995494,52,400,400,1888,7088000,0
345,1421407495,356995404,50,400,399,1695,7068000,0
345,1421407495,356995404,51,400,399,1998,7093000,0
346,1421407495,356995404,2,400,399,1348,20638000,0
346,1421407495,370995224,1,400,403,1359,20723000,1
346,1421407495,370995224,51,400,396,1967,6700000,0
346,1421407495,376995147,52,400,400,1888,20721000,3
346,1421407495,377995134,50,400,399,1695,20522000,3
347,1421407495,377995134,2,400,399,1348,20867000,1
347,1421407495,390994967,1,400,402,1359,20760000,1
347,1421407495,391994954,51,400,397,1967,20849000,3
347,1421407495,397994876,52,400,400,1888,20637000,0
347,1421407495,398994864,50,400,399,1695,7038000,0
348,1421407495,398994864,1,400,401,1359,20645000,0
348,1421407495,411994696,2,400,397,1327,20657000,0
348,1421407495,411994696,51,400,398,1967,20173000,0
348,1421407495,417994619,52,400,401,1909,20369000,0
348,1421407495,418994606,50,400,399,1687,6699000,0
349,1421407495,418994606,1,400,401,1359,20749000,1
349,1421407495,431994439,2,400,398,1327,20652000,1
349,1421407495,432994426,52,400,401,1909,20373000,1
349,1421407495,438994349,51,400,396,1944,6407000,0
349,1421407495,438994349,50,400,399,1687,6464000,0
350,1421407495,438994349,2,400,399,1327,20652000,0
350,1421407495,452994168,1,400,401,1359,14227000,0
350,1421407495,452994168,51,400,397,1944,20317000,1
350,1421407495,458994091,52,400,401,1909,20209000,0
350,1421407495,458994091,50,400,399,1687,6114000,0
351,1421407495,459994078,2,400,399,1327,20698000,0
351,1421407495,473993898,1,400,401,1359,14356000,0
351,1421407495,473993898,52,400,400,1906,20308000,0
351,1421407495,478993834,51,400,398,1944,20436000,2
351,1421407495,479993821,50,400,399,1695,5748000,0
352,1421407495,479993821,1,400,401,1359,20678000,1
352,1421407495,493993640,2,400,395,1286,20706000,1
352,1421407495,494993628,52,400,400,1906,5597000,0
352,1421407495,499993563,50,400,399,1695,20514000,2
352,1421407495,499993563,51,400,399,1944,5840000,0
353,1421407495,499993563,1,400,401,1359,20689000,1
353,1421407495,514993370,2,400,396,1286,20554000,0
353,1421407495,514993370,52,400,400,1906,20447000,3
353,1421407495,519993306,50,400,399,1695,20527000,1
353,1421407495,519993306,51,400,398,1932,5478000,0
354,1421407495,520993293,2,400,397,1286,20578000,0
354,1421407495,534993113,1,400,401,1359,20549000,0
354,1421407495,534993113,50,400,397,1672,20408000,2
354,1421407495,539993048,51,400,399,1932,5168000,0
354,1421407495,540993035,52,400,400,1906,5178000,0
355,1421407495,540993035,2,400,398,1289,20576000,0
355,1421407495,555992842,1,400,401,1359,20735000,1
355,1421407495,556992829,50,400,398,1672,20328000,0
355,1421407495,559992791,51,400,399,1932,4947000,0
355,1421407495,560992778,52,400,398,1881,4907000,0
356,1421407495,560992778,2,400,399,1289,20654000,0
356,1421407495,576992572,1,400,401,1359,20668000,0
356,1421407495,576992572,50,400,399,1672,4542001,0
356,1421407495,580992520,51,400,398,1913,20347001,1
356,1421407495,580992520,52,400,399,1881,4571001,0
357,1421407495,580992520,2,400,399,1289,20800000,1
357,1421407495,596992314,1,400,401,1359,20714000,0
357,1421407495,597992302,50,400,399,1672,4157000,0
357,1421407495,600992263,51,400,399,1913,4225001,0
357,1421407495,601992250,52,400,399,1881,4249001,0
358,1421407495,601992250,1,400,401,1359,16373000,0
358,1421407495,617992044,2,400,399,1289,20616000,0
358,1421407495,618992031,50,400,397,1648,20484001,3
358,1421407495,621991993,51,400,399,1913,20405001,2
358,1421407495,621991993,52,400,399,1872,20500000,2
359,1421407495,621991993,2,400,398,1275,20787000,0
359,1421407495,639991761,1,400,401,1359,20951001,1
359,1421407495,639991761,52,400,399,1872,20250001,1
359,1421407495,642991722,50,400,398,1648,3603001,0
359,1421407495,642991722,51,400,399,1912,3644001,0
360,1421407495,642991722,2,400,399,1275,20796000,1
360,1421407495,658991516,1,400,401,1359,17007000,0
360,1421407495,659991503,52,400,399,1872,20266001,0
360,1421407495,662991465,51,400,399,1912,3202001,0
360,1421407495,662991465,50,400,399,1648,3211001,0
361,1421407495,663991452,2,400,399,1275,20700001,0
361,1421407495,679991246,1,400,401,1359,20674001,1
361,1421407495,680991233,50,400,398,1634,2857001,0
361,1421407495,682991207,51,400,399,1912,2863001,0
361,1421407495,682991207,52,400,399,1870,2868001,0
362,1421407495,682991207,2,400,397,1251,20665001,0
362,1421407495,700990975,1,400,401,1359,17765001,0
362,1421407495,700990975,50,400,399,1634,20501001,3
362,1421407495,702990950,52,400,399,1870,2679001,0
362,1421407495,703990937,51,400,399,1912,20645001,1
363,1421407495,703990937,2,400,398,1251,18069001,0
363,1421407495,721990705,1,400,401,1359,18126001,0
363,1421407495,721990705,50,400,399,1634,2286001,0
363,1421407495,723990679,52,400,399,1870,2291001,0
363,1421407495,723990679,51,400,398,1894,20700001,1
364,1421407495,724990666,2,400,399,1251,20941001,2
364,1421407495,742990435,1,400,401,1359,21062001,1
364,1421407495,742990435,51,400,399,1894,20472001,2
364,1421407495,742990435,52,400,399,1870,1939001,0
364,1421407495,743990422,50,400,395,1586,1975001,0
365,1421407495,743990422,2,400,399,1255,20840001,0
365,1421407495,762990177,1,400,401,1359,20779001,0
365,1421407495,763990164,51,400,399,1894,20214001,0
365,1421407495,763990164,52,400,398,1857,20523001,1
365,1421407495,763990164,50,400,396,1586,1703001,0
366,1421407495,763990164,2,400,399,1255,20650001,0
366,1421407495,783989907,1,400,401,1359,18865001,0
366,1421407495,783989907,52,400,399,1857,20493001,2
366,1421407495,784989894,51,400,394,1840,20447001,0
366,1421407495,784989894,50,400,397,1586,1404001,0
367,1421407495,785989881,1,400,401,1359,20748001,1
367,1421407495,803989649,2,400,399,1255,20639001,0
367,1421407495,804989637,51,400,395,1840,20378001,0
367,1421407495,804989637,52,400,399,1857,20390001,0
367,1421407495,805989624,50,400,398,1586,1160001,0
368,1421407495,805989624,1,400,401,1359,20713001,0
368,1421407495,825989366,2,400,398,1241,20558001,0
368,1421407495,825989366,52,400,399,1864,20570001,1
368,1421407495,825989366,50,400,399,1586,990001,0
368,1421407495,826989353,51,400,396,1840,1222001,0
369,1421407495,826989353,2,400,399,1241,20587001,0
369,1421407495,845989109,1,400,401,1359,20664001,0
369,1421407495,845989109,52,400,399,1864,20533001,0
369,1421407495,846989096,51,400,392,1793,20596001,2
369,1421407495,846989096,50,400,399,1586,20678001,1
370,1421407495,846989096,2,400,399,1241,20624001,0
370,1421407495,865988851,1,400,401,1359,20847001,1
370,1421407495,866988838,52,400,399,1864,20389001,0
370,1421407495,866988838,51,400,393,1793,20341001,0
370,1421407495,867988825,50,400,399,1586,717001,0
371,1421407495,867988825,2,400,399,1241,20669001,0
371,1421407495,886988581,1,400,401,1359,20053001,0
371,1421407495,886988581,50,400,400,1597,426001,0
371,1421407495,887988568,52,400,400,1877,20206001,0
371,1421407495,887988568,51,400,394,1793,459001,0
372,1421407495,887988568,2,400,397,1216,20838001,1
372,1421407495,907988310,1,400,401,1359,20375001,0
372,1421407495,907988310,52,400,400,1877,20889001,1
372,1421407495,908988298,50,400,400,1597,20782001,2
372,1421407495,908988298,51,400,395,1793,416001,0
373,1421407495,908988298,52,400,400,1877,20426001,0
373,1421407495,927988053,50,400,400,1597,20683001,2
373,1421407495,928988040,51,400,391,1748,435001,0
373,1421407495,928988040,2,400,398,1216,20522001,0
373,1421407495,928988040,1,400,401,1359,21227001,1
374,1421407495,929988027,52,400,400,1877,20478001,2
374,1421407495,948987783,50,400,399,1578,20487001,0
374,1421407495,948987783,51,400,392,1748,20809001,2
374,1421407495,948987783,2,400,399,1216,20958001,2
374,1421407495,949987770,1,400,401,1359,20999001,1
375,1421407495,949987770,50,400,399,1578,20189001,0
375,1421407495,968987525,52,400,399,1857,20251001,0
375,1421407495,968987525,51,400,393,1748,20558001,0
375,1421407495,969987512,2,400,398,1200,20502001,0
375,1421407495,969987512,1,400,401,1359,20590001,0
376,1421407495,969987512,50,400,399,1578,20593002,1
376,1421407495,989987255,52,400,399,1857,20188001,0
376,1421407495,989987255,51,400,393,1738,20406001,0
376,1421407495,989987255,2,400,399,1200,20516001,0
376,1421407495,990987242,1,400,401,1359,991001,0
377,1421407495,990987242,52,400,399,1857,20786002,2
377,1421407496,9999872,50,400,399,1578,20295002,0
377,1421407496,9999872,51,400,394,1738,20227001,0
377,1421407496,10999859,2,400,399,1200,20629001,0
377,1421407496,10999859,1,400,401,1359,1152002,0
378,1421407496,11999846,50,400,399,1579,20102001,0
378,1421407496,30999601,52,400,399,1866,20269001,0
378,1421407496,31999589,51,400,395,1738,20185002,0
378,1421407496,31999589,2,400,397,1174,20664001,0
378,1421407496,31999589,1,400,401,1359,1136002,0
379,1421407496,32999576,50,400,399,1579,19882002,0
379,1421407496,51999331,52,400,399,1866,20239002,0
379,1421407496,51999331,51,400,397,1748,20168002,0
379,1421407496,51999331,2,400,398,1174,20375001,0
379,1421407496,52999318,1,400,401,1359,1341002,0
380,1421407496,52999318,50,400,399,1579,20136002,0
380,1421407496,71999074,52,400,399,1866,20192002,0
380,1421407496,71999074,51,400,398,1748,19969002,0
380,1421407496,72999061,2,400,399,1174,20453002,0
380,1421407496,72999061,1,400,401,1359,1508002,0
381,1421407496,73999048,50,400,396,1541,20047002,0
381,1421407496,92998803,52,400,400,1881,19845002,0
381,1421407496,92998803,51,400,399,1748,19625002,0
381,1421407496,92998803,2,400,399,1174,20365002,0
381,1421407496,93998790,1,400,401,1359,1602002,0
382,1421407496,93998790,52,400,400,1881,20579002,1
382,1421407496,112998546,50,400,397,1541,20214002,0
382,1421407496,112998546,51,400,399,1748,19416002,0
382,1421407496,113998533,2,400,399,1171,20333002,0
382,1421407496,113998533,1,400,401,1359,1784002,0
383,1421407496,114998520,50,400,398,1541,20742002,1
383,1421407496,132998288,52,400,400,1881,20877002,1
383,1421407496,133998275,51,400,399,1745,19287002,0
383,1421407496,133998275,2,400,399,1171,20281002,0
383,1421407496,133998275,1,400,401,1359,1858002,0
384,1421407496,134998262,50,400,394,1494,20302002,0
384,1421407496,153998018,52,400,400,1881,20364002,0
384,1421407496,153998018,51,400,399,1745,19138002,0
384,1421407496,153998018,2,400,399,1171,20278002,0
384,1421407496,155997992,1,400,401,1359,1900002,0
385,1421407496,155997992,52,400,398,1858,20303002,0
385,1421407496,173997760,50,400,395,1494,20597002,2
385,1421407496,174997747,51,400,399,1745,18925002,0
385,1421407496,174997747,2,400,399,1179,20297002,0
385,1421407496,175997735,1,400,401,1359,2093002,0
386,1421407496,176997722,50,400,396,1494,20121002,0
386,1421407496,194997490,52,400,399,1858,20348002,0
386,1421407496,194997490,51,400,399,1751,18611002,0
386,1421407496,195997477,2,400,399,1179,20378002,0
386,1421407496,196997464,1,400,401,1359,2296002,0
387,1421407496,196997464,51,400,399,1751,20461002,1
387,1421407496,214997232,50,400,397,1494,20703002,2
387,1421407496,215997220,52,400,399,1858,20518002,0
387,1421407496,215997220,2,400,399,1179,20430002,0
387,1421407496,217997194,1,400,401,1359,2417002,0
388,1421407496,217997194,52,400,399,1849,20384002,0
388,1421407496,235996962,51,400,399,1751,20734002,2
388,1421407496,235996962,50,400,397,1484,20577002,0
388,1421407496,235996962,2,400,398,1164,20716002,0
388,1421407496,237996936,1,400,401,1359,2456002,0
389,1421407496,238996923,51,400,398,1734,20467000,0
389,1421407496,255996705,50,400,398,1484,18125000,0
389,1421407496,255996705,52,400,399,1849,18104000,0
389,1421407496,256996692,2,400,399,1164,20892002,1
389,1421407496,258996666,1,400,401,1359,21031002,1
390,1421407496,258996666,51,400,399,1734,20772000,1
390,1421407496,282996357,50,400,399,1484,20715000,1
390,1421407496,282996357,52,400,399,1849,17908000,0
390,1421407496,283996344,1,400,401,1359,20759002,0
390,1421407496,283996344,2,400,399,1164,20762002,0
391,1421407496,283996344,51,400,399,1734,20454000,0
391,1421407496,296996177,50,400,397,1459,20588000,1
391,1421407496,297996164,52,400,399,1850,20659000,2
391,1421407496,297996164,2,400,399,1164,20967000,1
391,1421407496,300996125,1,400,401,1359,20996000,1
392,1421407496,300996125,50,400,398,1459,20618000,1
392,1421407496,317995906,52,400,399,1850,17539000,0
392,1421407496,317995906,51,400,399,1734,17670000,0
392,1421407496,317995906,2,400,399,1156,21062000,1
392,1421407496,320995868,1,400,401,1359,21090000,1
