Simulation time,DDS time seconds,DDS time nanoseconds,Turbine Id,Setpoint,Current production,Max production,MS since last write,Cache count
0,1421407749,542993010,56,100,99,1163,20119000,0
0,1421407749,595992327,55,100,99,1974,20092001,0
0,1421407749,595992327,53,100,99,1691,19567001,0
1,1421407749,596992314,50,100,101,1835,19434001,0
1,1421407749,596992314,59,100,99,1971,9832001,0
1,1421407749,596992314,52,100,99,1159,20242000,0
1,1421407749,601992250,54,100,100,1832,20167001,0
1,1421407749,601992250,57,100,99,1691,20236000,0
2,1421407749,601992250,51,100,99,1974,19951000,0
2,1421407749,601992250,2,100,99,1765,20119000,0
2,1421407749,601992250,4,100,99,876,19760000,0
2,1421407749,601992250,5,100,103,1614,19813000,0
2,1421407749,602992237,10,100,98,1765,19545000,0
3,1421407749,602992237,8,100,99,875,19955000,0
3,1421407749,602992237,1,100,102,1614,19595000,0
3,1421407749,602992237,6,100,99,1807,20293000,5
3,1421407749,602992237,7,100,99,1642,19814000,0
3,1421407749,602992237,9,100,101,1614,19876000,0
4,1421407749,602992237,3,100,99,1656,20094000,0
4,1421407749,602992237,58,100,101,1835,13238001,0
4,1421407749,602992237,55,100,99,1974,20240000,0
4,1421407749,608992160,56,100,99,1163,20263000,0
4,1421407749,608992160,53,100,99,1691,20457001,3
5,1421407749,608992160,50,100,100,1832,20394001,1
5,1421407749,608992160,59,100,99,1971,9874001,0
5,1421407749,610992134,57,100,99,1691,20255000,0
5,1421407749,620992005,54,100,99,1819,20213001,0
5,1421407749,620992005,52,100,98,1140,20351001,0
6,1421407749,621991993,51,100,99,1974,19770001,0
6,1421407749,621991993,4,100,99,876,20622000,3
6,1421407749,621991993,5,100,102,1614,20653000,3
6,1421407749,621991993,8,100,99,875,20858000,3
6,1421407749,621991993,6,100,97,1780,20879000,3
7,1421407749,621991993,1,100,101,1614,20925001,3
7,1421407749,622991980,7,100,99,1642,21013000,3
7,1421407749,622991980,9,100,101,1614,20983000,3
7,1421407749,622991980,10,100,99,1765,21126001,3
7,1421407749,622991980,2,100,99,1763,21168001,2
8,1421407749,622991980,58,100,100,1832,13126001,0
8,1421407749,622991980,3,100,98,1642,21263000,2
8,1421407749,622991980,55,100,99,1974,20124001,0
8,1421407749,628991902,56,100,99,1159,20314001,0
8,1421407749,629991890,53,100,99,1691,20233001,0
9,1421407749,629991890,50,100,100,1832,19447001,0
9,1421407749,629991890,59,100,99,1971,20376001,1
9,1421407749,630991877,57,100,99,1691,20230001,0
9,1421407749,641991735,54,100,99,1819,20229001,0
9,1421407749,641991735,52,100,99,1140,20382001,1
10,1421407749,641991735,51,100,99,1971,20068001,0
10,1421407749,641991735,4,100,99,876,19833001,0
10,1421407749,641991735,6,100,98,1780,20130001,0
10,1421407749,641991735,2,100,99,1763,20139001,0
10,1421407749,641991735,1,100,101,1614,20101001,0
11,1421407749,642991722,5,100,101,1614,20394001,0
11,1421407749,642991722,58,100,100,1832,20539001,4
11,1421407749,642991722,9,100,101,1614,20104001,0
11,1421407749,642991722,10,100,99,1765,20191001,0
11,1421407749,642991722,3,100,99,1642,21076000,1
12,1421407749,642991722,8,100,99,877,20522000,0
12,1421407749,642991722,7,100,99,1642,20328000,0
12,1421407749,642991722,56,100,99,1159,20275001,0
12,1421407749,649991632,53,100,99,1691,20471001,2
12,1421407749,649991632,55,100,99,1971,20356001,0
13,1421407749,649991632,50,100,100,1832,19453001,0
13,1421407749,649991632,59,100,99,1971,9906001,0
13,1421407749,650991619,57,100,99,1691,20401001,2
13,1421407749,661991478,54,100,99,1819,20277001,0
13,1421407749,661991478,52,100,99,1140,20482001,2
14,1421407749,661991478,51,100,99,1971,19943001,0
14,1421407749,661991478,5,100,101,1614,20134000,0
14,1421407749,661991478,1,100,101,1614,19899001,0
14,1421407749,662991465,9,100,101,1614,20455000,13
14,1421407749,662991465,58,100,100,1832,20584001,5
15,1421407749,662991465,10,100,99,1765,20155001,0
15,1421407749,662991465,6,100,99,1780,20050000,0
15,1421407749,662991465,3,100,99,1642,20169000,0
15,1421407749,662991465,8,100,99,877,20524001,7
15,1421407749,662991465,7,100,99,1633,20090001,0
16,1421407749,662991465,4,100,99,876,20647001,1
16,1421407749,663991452,2,100,99,1763,20499001,0
16,1421407749,663991452,56,100,99,1159,20210001,0
16,1421407749,669991375,55,100,99,1971,19565001,0
16,1421407749,669991375,53,100,99,1691,19542001,0
17,1421407749,669991375,50,100,99,1819,19470001,0
17,1421407749,669991375,59,100,98,1955,9820001,0
17,1421407749,671991349,54,100,99,1818,20036001,0
17,1421407749,681991220,52,100,98,1127,20273001,0
17,1421407749,681991220,57,100,99,1691,19722001,0
18,1421407749,681991220,51,100,99,1971,20325001,1
18,1421407749,681991220,1,100,101,1614,19997001,0
18,1421407749,682991207,9,100,101,1614,19995001,0
18,1421407749,682991207,6,100,98,1765,20176001,0
18,1421407749,682991207,10,100,99,1763,19820001,0
19,1421407749,682991207,58,100,99,1819,20402001,2
19,1421407749,682991207,8,100,99,877,20017001,0
19,1421407749,682991207,5,100,101,1614,20127001,0
19,1421407749,682991207,3,100,99,1642,19991001,0
19,1421407749,682991207,2,100,98,1751,20822001,3
20,1421407749,682991207,7,100,99,1633,20736001,1
20,1421407749,682991207,4,100,99,874,20147001,0
20,1421407749,682991207,56,100,99,1159,20234001,0
20,1421407749,689991117,55,100,99,1971,20375001,3
20,1421407749,689991117,53,100,99,1691,20278001,3
21,1421407749,689991117,50,100,99,1819,19414001,0
21,1421407749,690991104,59,100,99,1955,9891001,0
21,1421407749,691991091,57,100,99,1691,20487001,4
21,1421407749,701990963,52,100,99,1127,20285001,0
21,1421407749,702990950,54,100,99,1818,20395001,0
22,1421407749,702990950,51,100,99,1971,20087001,0
22,1421407749,702990950,1,100,101,1614,20828001,4
22,1421407749,702990950,5,100,101,1614,20796001,4
22,1421407749,702990950,10,100,99,1763,20691001,3
22,1421407749,702990950,58,100,99,1819,20484001,1
23,1421407749,702990950,2,100,99,1751,20998001,5
23,1421407749,702990950,6,100,99,1765,21183001,3
23,1421407749,703990937,3,100,99,1633,20760001,4
23,1421407749,703990937,9,100,101,1614,20942001,1
23,1421407749,703990937,7,100,99,1633,20987001,4
24,1421407749,703990937,4,100,99,874,20994001,4
24,1421407749,703990937,8,100,99,876,20236001,0
24,1421407749,703990937,55,100,99,1971,19637001,0
24,1421407749,710990847,53,100,99,1691,20448001,0
24,1421407749,710990847,56,100,98,1140,20396001,0
25,1421407749,710990847,50,100,99,1819,19427001,0
25,1421407749,710990847,59,100,99,1955,20492001,1
25,1421407749,711990834,57,100,99,1691,19969001,0
25,1421407749,722990692,54,100,99,1818,20197001,0
25,1421407749,722990692,52,100,99,1127,20138001,0
26,1421407749,722990692,51,100,98,1955,20200001,0
26,1421407749,722990692,5,100,101,1614,20031001,0
26,1421407749,722990692,2,100,99,1751,20107001,0
26,1421407749,722990692,3,100,99,1633,20045001,0
26,1421407749,722990692,10,100,99,1763,20776001,1
27,1421407749,722990692,58,100,99,1819,20562001,2
27,1421407749,722990692,6,100,99,1765,20028001,0
27,1421407749,723990679,9,100,101,1614,20099001,0
27,1421407749,723990679,4,100,99,874,20066001,0
27,1421407749,723990679,7,100,98,1621,20509001,0
28,1421407749,723990679,8,100,99,876,20555001,6
28,1421407749,723990679,1,100,101,1614,19892001,0
28,1421407749,723990679,55,100,98,1955,20391001,3
28,1421407749,730990589,53,100,99,1691,20241001,0
28,1421407749,730990589,56,100,99,1140,20166001,0
29,1421407749,730990589,50,100,99,1818,20418001,1
29,1421407749,730990589,59,100,99,1962,10012001,0
29,1421407749,732990563,54,100,99,1818,20228001,0
29,1421407749,742990435,57,100,99,1691,20331001,0
29,1421407749,742990435,52,100,98,1107,20335001,0
30,1421407749,742990435,51,100,99,1955,20048001,0
30,1421407749,742990435,5,100,101,1614,20106001,0
30,1421407749,742990435,2,100,98,1738,20180001,0
30,1421407749,743990422,3,100,99,1633,19889001,0
30,1421407749,743990422,10,100,98,1751,20042001,0
31,1421407749,743990422,6,100,99,1765,20945001,2
31,1421407749,743990422,4,100,100,886,20102001,0
31,1421407749,743990422,9,100,101,1614,19989001,0
31,1421407749,743990422,58,100,99,1818,20456001,1
31,1421407749,743990422,8,100,99,876,20341001,0
32,1421407749,743990422,7,100,99,1621,20274001,0
32,1421407749,743990422,1,100,101,1614,12792001,0
32,1421407749,743990422,55,100,99,1955,20207001,0
32,1421407749,750990332,53,100,90,1592,20203001,0
32,1421407749,750990332,56,100,99,1140,20248001,0
33,1421407749,750990332,50,100,99,1818,19331001,0
33,1421407749,750990332,59,100,99,1962,10184001,0
33,1421407749,752990306,57,100,99,1691,20219001,0
33,1421407749,762990177,52,100,99,1107,20392001,1
33,1421407749,762990177,54,100,101,1844,20306001,0
34,1421407749,762990177,51,100,99,1955,20354001,1
34,1421407749,763990164,2,100,99,1738,20122001,0
34,1421407749,763990164,6,100,99,1763,20010001,0
34,1421407749,763990164,10,100,99,1751,19971001,0
34,1421407749,763990164,9,100,101,1614,19900001,0
35,1421407749,763990164,58,100,99,1818,20428001,4
35,1421407749,763990164,3,100,98,1621,19879001,0
35,1421407749,763990164,5,100,101,1614,20783001,1
35,1421407749,763990164,7,100,99,1621,20731001,1
35,1421407749,764990151,8,100,99,876,20894001,3
36,1421407749,764990151,4,100,100,886,20365001,1
36,1421407749,764990151,1,100,101,1614,12962001,0
36,1421407749,764990151,53,100,91,1592,20221001,0
36,1421407749,770990074,56,100,98,1127,20291001,0
36,1421407749,770990074,55,100,99,1955,19529001,0
37,1421407749,771990061,50,100,99,1818,19322001,0
37,1421407749,771990061,59,100,99,1962,10315001,0
37,1421407749,772990049,52,100,99,1107,20229001,0
37,1421407749,783989907,57,100,90,1592,20151001,0
37,1421407749,783989907,54,100,101,1844,20308001,0
38,1421407749,783989907,51,100,99,1962,19945001,0
38,1421407749,783989907,10,100,99,1751,19820001,0
38,1421407749,783989907,2,100,99,1738,20726001,3
38,1421407749,783989907,6,100,99,1763,19914001,0
38,1421407749,783989907,9,100,101,1614,19830001,0
39,1421407749,783989907,58,100,99,1818,20443001,1
39,1421407749,784989894,7,100,97,1599,20092001,0
39,1421407749,784989894,5,100,101,1614,20292001,0
39,1421407749,784989894,4,100,100,886,20466001,0
39,1421407749,784989894,8,100,99,874,20062001,0
40,1421407749,784989894,3,100,99,1621,20167001,0
40,1421407749,784989894,1,100,101,1614,20395001,12
40,1421407749,784989894,55,100,99,1962,20417001,3
40,1421407749,791989804,56,100,99,1127,20289001,0
40,1421407749,791989804,53,100,92,1592,19497001,0
41,1421407749,791989804,50,100,99,1818,19212001,0
41,1421407749,791989804,59,100,99,1954,10254001,0
41,1421407749,793989778,54,100,101,1844,20229001,0
41,1421407749,803989649,57,100,91,1592,20245001,0
41,1421407749,803989649,52,100,99,1107,20295001,0
42,1421407749,803989649,51,100,99,1962,20379001,1
42,1421407749,803989649,2,100,99,1738,19829001,0
42,1421407749,803989649,9,100,101,1614,20033001,0
42,1421407749,803989649,10,100,98,1738,19883001,0
42,1421407749,803989649,6,100,99,1763,19748001,0
43,1421407749,803989649,8,100,99,874,20075001,0
43,1421407749,804989637,5,100,101,1614,20160001,0
43,1421407749,804989637,7,100,98,1599,19907001,0
43,1421407749,804989637,1,100,101,1614,19982001,0
43,1421407749,804989637,58,100,99,1818,20309001,0
44,1421407749,804989637,4,100,100,889,20046001,0
44,1421407749,804989637,3,100,99,1621,20211001,0
44,1421407749,804989637,53,100,93,1592,19554001,0
44,1421407749,811989546,56,100,99,1127,20378001,0
44,1421407749,811989546,55,100,99,1962,19596001,0
45,1421407749,811989546,50,100,101,1844,19071001,0
45,1421407749,811989546,59,100,99,1954,20376001,1
45,1421407749,813989521,54,100,102,1873,20138001,0
45,1421407749,823989392,57,100,92,1592,20154001,0
45,1421407749,823989392,52,100,97,1078,20251001,0
46,1421407749,823989392,51,100,99,1962,19343001,0
46,1421407749,824989379,10,100,99,1738,20459001,1
46,1421407749,824989379,6,100,98,1751,20436001,1
46,1421407749,824989379,9,100,101,1614,20582001,4
46,1421407749,824989379,8,100,99,874,20102001,0
47,1421407749,824989379,5,100,101,1614,20203001,0
47,1421407749,824989379,1,100,101,1614,19979001,0
47,1421407749,824989379,7,100,99,1599,20770001,3
47,1421407749,824989379,58,100,101,1844,20243001,0
47,1421407749,824989379,3,100,97,1599,20778001,1
48,1421407749,825989366,2,100,97,1712,20965001,1
48,1421407749,825989366,4,100,100,889,20366001,0
48,1421407749,825989366,55,100,99,1962,20415001,3
48,1421407749,831989289,53,100,94,1592,20401001,3
48,1421407749,831989289,56,100,98,1107,19473001,0
49,1421407749,831989289,50,100,101,1844,19126001,0
49,1421407749,832989276,59,100,99,1954,20354001,0
49,1421407749,833989263,52,100,98,1078,20253001,2
49,1421407749,848989070,57,100,93,1592,20191001,0
49,1421407749,848989070,54,100,101,1873,20191001,0
50,1421407749,848989070,51,100,99,1954,19697001,0
50,1421407749,848989070,8,100,100,886,19885001,0
50,1421407749,848989070,10,100,99,1738,20083001,0
50,1421407749,849989057,5,100,101,1614,20748001,3
50,1421407749,849989057,1,100,101,1614,20342001,3
51,1421407749,849989057,9,100,101,1614,20274001,0
51,1421407749,849989057,7,100,99,1599,20035001,0
51,1421407749,849989057,3,100,98,1599,20946001,3
51,1421407749,849989057,6,100,99,1751,20061001,0
51,1421407749,849989057,58,100,101,1844,20319001,0
52,1421407749,849989057,2,100,98,1712,20095001,0
52,1421407749,849989057,4,100,100,889,20360001,1
52,1421407749,849989057,56,100,99,1107,20352001,3
52,1421407749,852989019,53,100,95,1592,20178001,0
52,1421407749,852989019,55,100,99,1954,19549001,0
53,1421407749,852989019,50,100,101,1844,19148001,0
53,1421407749,852989019,59,100,99,1954,10283001,0
53,1421407749,854988993,52,100,99,1078,20235001,0
53,1421407749,864988864,57,100,94,1592,20392001,1
53,1421407749,864988864,54,100,101,1873,20170001,0
54,1421407749,864988864,51,100,99,1954,19552001,0
54,1421407749,864988864,8,100,100,886,20132001,0
54,1421407749,864988864,1,100,101,1614,19690001,0
54,1421407749,864988864,5,100,101,1614,20000001,0
54,1421407749,864988864,10,100,99,1738,20179001,0
55,1421407749,864988864,3,100,99,1599,20000001,0
55,1421407749,864988864,7,100,98,1588,19975001,0
55,1421407749,864988864,2,100,99,1712,20308001,2
55,1421407749,865988851,58,100,101,1844,20363001,0
55,1421407749,865988851,4,100,100,889,20226001,1
56,1421407749,865988851,6,100,99,1751,20253001,0
56,1421407749,865988851,9,100,101,1614,20526001,0
56,1421407749,865988851,55,100,99,1954,20391001,3
56,1421407749,872988761,53,100,96,1592,19388001,0
56,1421407749,872988761,56,100,99,1107,20267001,0
57,1421407749,872988761,50,100,102,1873,19091001,0
57,1421407749,872988761,59,100,99,1951,20370001,1
57,1421407749,874988735,57,100,95,1592,20006001,0
57,1421407749,884988607,52,100,99,1078,20245001,0
57,1421407749,884988607,54,100,104,1920,19950001,0
58,1421407749,884988607,51,100,99,1954,20438001,4
58,1421407749,884988607,1,100,101,1614,20077001,0
58,1421407749,884988607,8,100,100,886,20237001,0
58,1421407749,884988607,10,100,97,1712,19493001,0
58,1421407749,885988594,5,100,101,1614,20239001,0
59,1421407749,885988594,2,100,97,1687,20389001,7
59,1421407749,885988594,7,100,99,1588,19863001,0
59,1421407749,885988594,4,100,99,879,20311001,3
59,1421407749,885988594,3,100,99,1599,20843001,3
59,1421407749,885988594,6,100,98,1738,21119001,7
60,1421407749,885988594,58,100,102,1873,20136001,0
60,1421407749,885988594,9,100,101,1614,19957001,0
60,1421407749,885988594,56,100,99,1107,20162001,0
60,1421407749,892988504,55,100,99,1954,20165001,0
60,1421407749,892988504,53,100,97,1592,20436001,3
61,1421407749,892988504,50,100,101,1873,20361001,1
61,1421407749,892988504,59,100,99,1951,10328001,0
61,1421407749,895988465,52,100,99,1078,20228001,0
61,1421407749,904988349,54,100,103,1920,20309001,0
61,1421407749,904988349,57,100,96,1592,20230001,0
62,1421407749,904988349,51,100,99,1954,20349001,0
62,1421407749,905988336,8,100,100,889,20152001,0
62,1421407749,905988336,10,100,98,1712,20207001,0
62,1421407749,905988336,5,100,101,1614,20514001,1
62,1421407749,905988336,1,100,101,1614,20637001,1
63,1421407749,905988336,2,100,98,1687,20694001,4
63,1421407749,905988336,7,100,99,1588,19959001,0
63,1421407749,905988336,6,100,99,1738,20109001,0
63,1421407749,905988336,4,100,99,879,20823001,8
63,1421407749,905988336,9,100,101,1614,20246001,1
64,1421407749,905988336,58,100,101,1873,20506001,6
64,1421407749,905988336,3,100,98,1588,20879001,1
64,1421407749,905988336,53,100,98,1592,20168001,0
64,1421407749,912988246,56,100,97,1078,20156001,0
64,1421407749,912988246,55,100,99,1954,19464001,0
65,1421407749,913988233,50,100,101,1873,20305001,0
65,1421407749,913988233,59,100,99,1951,20403001,1
65,1421407749,915988207,54,100,102,1920,20119001,0
65,1421407749,925988079,52,100,99,1078,20176001,0
65,1421407749,925988079,57,100,97,1592,19988001,0
66,1421407749,925988079,51,100,99,1951,19755001,0
66,1421407749,925988079,8,100,100,889,20649001,4
66,1421407749,925988079,1,100,101,1614,20577001,3
66,1421407749,925988079,5,100,101,1614,20681001,3
66,1421407749,925988079,4,100,99,879,20362001,2
67,1421407749,925988079,6,100,99,1738,20684001,1
67,1421407749,925988079,9,100,101,1614,21001001,4
67,1421407749,926988066,2,100,99,1687,20269001,0
67,1421407749,926988066,7,100,99,1585,20631001,8
67,1421407749,926988066,58,100,101,1873,20128001,0
68,1421407749,926988066,10,100,99,1712,20112001,0
68,1421407749,926988066,3,100,99,1588,20473001,0
68,1421407749,926988066,55,100,99,1951,20385001,3
68,1421407749,933987976,53,100,99,1592,20284001,0
68,1421407749,933987976,56,100,98,1078,20283001,0
69,1421407749,933987976,50,100,104,1920,19092001,0
69,1421407749,933987976,59,100,99,1959,20328001,0
69,1421407749,935987950,54,100,101,1920,20224001,0
69,1421407749,945987821,52,100,98,1064,20098001,0
69,1421407749,945987821,57,100,98,1592,20152001,0
70,1421407749,945987821,51,100,99,1951,20488001,4
70,1421407749,945987821,5,100,101,1614,19826001,0
70,1421407749,945987821,4,100,98,867,20666001,1
70,1421407749,945987821,9,100,101,1614,20121001,0
70,1421407749,945987821,6,100,99,1738,20728001,1
71,1421407749,945987821,7,100,99,1585,20120001,0
71,1421407749,946987808,58,100,104,1920,20415001,3
71,1421407749,946987808,1,100,101,1614,20245001,0
71,1421407749,946987808,10,100,97,1687,20056001,0
71,1421407749,946987808,8,100,100,889,20477001,0
72,1421407749,946987808,2,100,99,1677,20567001,0
72,1421407749,946987808,3,100,99,1588,20324001,0
72,1421407749,946987808,56,100,99,1078,20391001,2
72,1421407749,953987718,55,100,99,1951,20344001,0
72,1421407749,953987718,53,100,99,1592,19429001,0
73,1421407749,953987718,50,100,103,1920,19014001,0
73,1421407749,953987718,59,100,99,1959,20297001,0
73,1421407749,955987692,54,100,103,1952,20275002,0
73,1421407749,965987564,57,100,99,1592,20048001,0
73,1421407749,965987564,52,100,99,1064,20173001,0
74,1421407749,965987564,51,100,99,1951,19481001,0
74,1421407749,966987551,9,100,101,1614,19920001,0
74,1421407749,966987551,7,100,99,1585,19949001,0
74,1421407749,966987551,4,100,99,867,20021001,0
74,1421407749,966987551,58,100,103,1920,20439001,5
75,1421407749,966987551,5,100,101,1614,19987001,0
75,1421407749,966987551,8,100,100,889,20263001,0
75,1421407749,966987551,10,100,98,1687,20478001,13
75,1421407749,966987551,6,100,97,1712,20438001,0
75,1421407749,966987551,2,100,99,1677,20285001,1
76,1421407749,966987551,1,100,101,1614,20498001,0
76,1421407749,967987538,3,100,99,1585,20743001,5
76,1421407749,967987538,56,100,99,1078,20212001,0
76,1421407749,973987461,55,100,99,1951,20270001,0
76,1421407749,973987461,53,100,99,1592,20462002,1
77,1421407749,973987461,50,100,102,1920,19014001,0
77,1421407749,973987461,59,100,99,1959,10345001,0
77,1421407749,975987435,57,100,99,1592,20134002,0
77,1421407749,985987306,51,100,99,1959,20332001,1
77,1421407749,987987280,54,100,102,1952,20099001,0
78,1421407749,987987280,52,100,99,1064,20300001,0
78,1421407749,987987280,4,100,99,867,20137001,0
78,1421407749,987987280,7,100,97,1563,20591001,4
78,1421407749,987987280,9,100,107,1689,20223001,0
78,1421407749,987987280,58,100,102,1920,20262001,0
79,1421407749,987987280,10,100,99,1687,20080001,0
79,1421407749,987987280,5,100,101,1614,19955001,0
79,1421407749,987987280,8,100,99,879,20162001,0
79,1421407749,987987280,3,100,99,1585,20174001,0
79,1421407749,988987268,6,100,98,1712,20289001,0
80,1421407749,988987268,1,100,101,1614,20101001,0
80,1421407749,988987268,2,100,99,1677,20572001,1
80,1421407749,988987268,55,100,99,1959,20071002,0
80,1421407749,994987190,56,100,99,1078,20099002,0
80,1421407749,995987177,53,100,99,1592,20285002,2
81,1421407749,995987177,50,100,101,1920,18944001,0
81,1421407749,995987177,59,100,97,1932,10618002,0
81,1421407749,997987152,51,100,99,1959,20384002,3
81,1421407750,7999898,57,100,99,1592,20374001,0
81,1421407750,7999898,52,100,99,1064,20570002,2
82,1421407750,7999898,54,100,101,1952,20394002,0
82,1421407750,7999898,4,100,100,877,20645001,4
82,1421407750,7999898,9,100,106,1689,20788001,4
82,1421407750,7999898,8,100,99,879,20883001,4
82,1421407750,7999898,7,100,98,1563,20720001,1
83,1421407750,8999885,58,100,101,1920,20355001,0
83,1421407750,8999885,3,100,99,1585,20078001,0
83,1421407750,8999885,10,100,99,1677,20205001,0
83,1421407750,8999885,1,100,101,1614,20518001,3
83,1421407750,8999885,6,100,99,1712,20740001,6
84,1421407750,8999885,2,100,99,1677,20405001,8
84,1421407750,8999885,5,100,101,1614,20294001,0
84,1421407750,8999885,56,100,99,1078,20286002,0
84,1421407750,15999795,53,100,99,1592,20328001,0
84,1421407750,15999795,55,100,99,1959,20575001,1
85,1421407750,15999795,50,100,103,1952,18964001,0
85,1421407750,15999795,59,100,98,1932,20281001,1
85,1421407750,17999769,51,100,99,1959,19918002,0
85,1421407750,27999640,57,100,99,1592,20345002,0
85,1421407750,27999640,52,100,98,1052,19998001,0
86,1421407750,27999640,54,100,101,1970,20280002,0
86,1421407750,28999627,4,100,100,877,19803001,0
86,1421407750,28999627,9,100,105,1689,19735001,0
86,1421407750,28999627,8,100,99,879,20291001,0
86,1421407750,28999627,58,100,103,1952,20400002,0
87,1421407750,28999627,3,100,97,1563,20878001,4
87,1421407750,28999627,7,100,99,1563,20395001,0
87,1421407750,28999627,5,100,101,1614,20678002,5
87,1421407750,28999627,6,100,97,1687,20958001,4
87,1421407750,28999627,2,100,99,1674,20386001,1
88,1421407750,28999627,1,100,101,1614,20855001,6
88,1421407750,29999614,10,100,99,1677,21240001,2
88,1421407750,29999614,56,100,98,1064,20217002,0
88,1421407750,35999537,53,100,99,1592,20205002,0
88,1421407750,35999537,55,100,99,1959,20395002,0
89,1421407750,35999537,50,100,102,1952,19002002,0
89,1421407750,35999537,59,100,99,1932,20320002,0
89,1421407750,37999511,51,100,97,1932,20242002,0
89,1421407750,47999383,57,100,99,1592,20080002,0
89,1421407750,48999370,52,100,99,1052,20345002,0
90,1421407750,48999370,54,100,101,1970,19756002,0
90,1421407750,48999370,4,100,100,877,20102001,0
90,1421407750,48999370,9,100,104,1689,20744002,4
90,1421407750,48999370,7,100,99,1563,20815001,2
90,1421407750,48999370,8,100,98,867,20783001,2
91,1421407750,48999370,3,100,98,1563,20200001,0
91,1421407750,48999370,6,100,98,1687,20387002,0
91,1421407750,49999357,2,100,99,1674,20266001,0
91,1421407750,49999357,10,100,99,1677,21147002,2
91,1421407750,49999357,1,100,101,1614,20583002,1
92,1421407750,49999357,58,100,102,1952,20515002,0
92,1421407750,49999357,5,100,101,1614,20372002,0
92,1421407750,49999357,56,100,99,1064,20313002,0
92,1421407750,55999280,53,100,99,1592,20155002,0
92,1421407750,56999267,55,100,97,1932,19671002,0
93,1421407750,56999267,50,100,101,1952,19060002,0
93,1421407750,56999267,59,100,99,1932,9873002,0
93,1421407750,58999241,51,100,98,1932,20171002,0
93,1421407750,68999112,57,100,99,1592,20287002,0
93,1421407750,68999112,52,100,99,1052,20147002,0
94,1421407750,68999112,54,100,101,1970,20566002,4
94,1421407750,68999112,9,100,103,1689,19783001,0
94,1421407750,68999112,8,100,99,867,20107002,0
94,1421407750,68999112,4,100,100,877,20008002,0
94,1421407750,68999112,7,100,99,1567,19795002,0
95,1421407750,68999112,1,100,107,1689,20181002,0
95,1421407750,68999112,10,100,99,1677,20095002,0
95,1421407750,69999099,5,100,101,1614,20092001,0
95,1421407750,69999099,2,100,99,1674,20232001,0
95,1421407750,69999099,6,100,99,1687,20038002,0
96,1421407750,69999099,58,100,101,1952,20589002,3
96,1421407750,69999099,3,100,99,1563,20408001,0
96,1421407750,69999099,53,100,99,1592,20433002,2
96,1421407750,76999009,56,100,99,1064,19553002,0
96,1421407750,76999009,55,100,98,1932,20346002,1
97,1421407750,76999009,50,100,101,1970,19075002,0
97,1421407750,76999009,59,100,96,1900,10308002,0
97,1421407750,78998983,52,100,99,1042,20299002,0
97,1421407750,88998855,54,100,101,1983,20109002,0
97,1421407750,88998855,57,100,99,1592,20115002,0
98,1421407750,89998842,51,100,99,1932,20352002,0
98,1421407750,89998842,7,100,99,1567,19836002,0
98,1421407750,89998842,9,100,102,1689,20752002,4
98,1421407750,89998842,1,100,106,1689,20211002,0
98,1421407750,89998842,8,100,99,867,20245002,0
99,1421407750,89998842,5,100,107,1689,20277002,4
99,1421407750,89998842,10,100,99,1674,20179002,0
99,1421407750,89998842,2,100,99,1672,20185002,0
99,1421407750,89998842,6,100,99,1677,20343002,1
99,1421407750,89998842,4,100,101,888,20486002,0
100,1421407750,89998842,58,100,101,1970,20399002,0
100,1421407750,89998842,3,100,99,1563,20185002,0
100,1421407750,89998842,53,100,99,1592,20109002,0
100,1421407750,96998752,56,100,99,1064,19422002,0
100,1421407750,96998752,55,100,99,1932,20504002,1
101,1421407750,96998752,50,100,101,1970,19005002,0
101,1421407750,96998752,59,100,97,1900,20422002,1
101,1421407750,98998726,57,100,99,1592,20437002,3
101,1421407750,108998597,54,100,101,1983,20143002,0
101,1421407750,109998584,52,100,99,1042,20392002,0
102,1421407750,109998584,51,100,99,1932,20322002,0
102,1421407750,109998584,7,100,99,1567,20577002,1
102,1421407750,109998584,9,100,101,1689,19813002,0
102,1421407750,109998584,5,100,106,1689,20124002,0
102,1421407750,109998584,8,100,100,877,20388002,4
103,1421407750,109998584,10,100,99,1674,20384002,1
103,1421407750,109998584,2,100,99,1672,20441002,2
103,1421407750,109998584,6,100,99,1677,20378002,1
103,1421407750,110998571,4,100,101,888,20086002,0
103,1421407750,110998571,3,100,99,1567,20529002,2
104,1421407750,110998571,1,100,105,1689,21204002,2
104,1421407750,110998571,58,100,101,1970,20127002,0
104,1421407750,110998571,53,100,99,1592,20421002,1
104,1421407750,116998494,55,100,99,1932,20203002,0
104,1421407750,116998494,56,100,98,1052,20340002,2
105,1421407750,116998494,50,100,101,1970,18942002,0
105,1421407750,117998481,59,100,98,1900,20330002,0
105,1421407750,118998468,57,100,99,1592,20026002,0
105,1421407750,129998327,51,100,96,1900,20359002,3
105,1421407750,129998327,52,100,99,1042,20199002,0
106,1421407750,129998327,54,100,101,1983,19840002,0
106,1421407750,129998327,7,100,98,1548,20854002,2
106,1421407750,129998327,9,100,101,1689,20704002,6
106,1421407750,129998327,5,100,105,1689,20748002,2
106,1421407750,129998327,8,100,100,877,20924002,4
107,1421407750,129998327,6,100,99,1677,20770002,9
107,1421407750,129998327,10,100,99,1674,20548002,3
107,1421407750,130998314,2,100,99,1672,20434002,4
107,1421407750,130998314,4,100,101,888,21102002,3
107,1421407750,130998314,3,100,99,1567,21129002,10
108,1421407750,130998314,1,100,104,1689,20079002,0
108,1421407750,130998314,58,100,101,1970,20624002,2
108,1421407750,130998314,53,100,99,1592,20243002,0
108,1421407750,137998224,55,100,96,1900,20446002,1
108,1421407750,137998224,56,100,99,1052,19603002,0
109,1421407750,137998224,50,100,101,1983,20349002,1
109,1421407750,137998224,59,100,96,1871,20327002,0
109,1421407750,139998198,51,100,97,1900,20119002,0
109,1421407750,149998069,57,100,99,1592,20051002,0
109,1421407750,149998069,52,100,98,1027,20220002,0
110,1421407750,149998069,54,100,101,1983,20353002,1
110,1421407750,149998069,5,100,104,1689,19988002,0
110,1421407750,150998056,9,100,101,1689,20164002,0
110,1421407750,150998056,3,100,99,1567,20272002,1
110,1421407750,150998056,10,100,99,1672,20885002,3
111,1421407750,150998056,4,100,101,888,20154002,0
111,1421407750,150998056,6,100,99,1677,20217002,0
111,1421407750,150998056,1,100,103,1689,21034002,3
111,1421407750,150998056,58,100,101,1983,20272002,0
111,1421407750,150998056,8,100,100,877,20532002,0
112,1421407750,150998056,2,100,99,1669,20707002,1
112,1421407750,150998056,7,100,99,1548,20491002,0
112,1421407750,151998044,53,100,92,1520,20204002,0
112,1421407750,157997966,56,100,99,1052,19551002,0
112,1421407750,157997966,55,100,97,1900,20229002,0
113,1421407750,157997966,50,100,101,1983,18914002,0
113,1421407750,157997966,59,100,97,1871,10004002,0
113,1421407750,159997941,51,100,98,1900,20255002,0
113,1421407750,169997812,57,100,99,1592,20438002,2
113,1421407750,170997799,52,100,99,1027,20391002,3
114,1421407750,170997799,54,100,99,1955,20450002,3
114,1421407750,170997799,9,100,101,1689,20144002,0
114,1421407750,170997799,5,100,103,1689,20733002,1
114,1421407750,170997799,6,100,99,1674,20507002,13
114,1421407750,170997799,1,100,102,1689,20106002,0
115,1421407750,170997799,8,100,100,877,20104002,0
115,1421407750,170997799,10,100,99,1672,20077002,0
115,1421407750,170997799,4,100,101,888,20898002,3
115,1421407750,171997786,2,100,99,1669,20165002,0
115,1421407750,171997786,58,100,101,1983,20534002,10
116,1421407750,171997786,7,100,99,1548,20229002,0
116,1421407750,171997786,3,100,98,1548,20473002,0
116,1421407750,171997786,53,100,93,1520,20279002,0
116,1421407750,177997709,55,100,98,1900,19411002,0
116,1421407750,177997709,56,100,99,1042,20408002,3
117,1421407750,177997709,50,100,101,1983,18861002,0
117,1421407750,177997709,59,100,98,1871,10062002,0
117,1421407750,179997683,57,100,92,1520,20198002,0
117,1421407750,190997541,51,100,96,1871,20310002,0
117,1421407750,190997541,54,100,99,1955,20194002,0
118,1421407750,190997541,52,100,99,1027,20258002,0
118,1421407750,190997541,5,100,102,1689,19991002,0
118,1421407750,190997541,9,100,101,1689,19869002,0
118,1421407750,190997541,8,100,101,888,19937002,0
118,1421407750,190997541,1,100,101,1689,20593002,3
119,1421407750,191997529,10,100,99,1672,20839002,2
119,1421407750,191997529,4,100,101,888,20134002,0
119,1421407750,191997529,3,100,99,1548,20868002,2
119,1421407750,191997529,7,100,99,1554,20111002,0
119,1421407750,191997529,2,100,99,1669,20529002,1
120,1421407750,191997529,58,100,101,1983,20272002,0
120,1421407750,191997529,6,100,99,1674,20624002,0
120,1421407750,191997529,56,100,99,1042,20200002,0
120,1421407750,197997451,53,100,94,1520,20233002,0
120,1421407750,197997451,55,100,96,1871,19500002,0
121,1421407750,197997451,50,100,101,1983,20386002,1
121,1421407750,198997438,59,100,95,1839,9940002,0
121,1421407750,200997413,54,100,99,1955,20317002,3
121,1421407750,210997284,52,100,99,1027,20257002,0
121,1421407750,210997284,57,100,93,1520,20238002,0
122,1421407750,210997284,51,100,97,1871,20228002,0
122,1421407750,210997284,5,100,101,1689,19827002,0
122,1421407750,210997284,1,100,101,1689,20021002,0
122,1421407750,211997271,8,100,101,888,20255002,0
122,1421407750,211997271,10,100,99,1669,20229002,0
123,1421407750,211997271,9,100,101,1689,20195002,0
123,1421407750,211997271,3,100,99,1548,20858002,1
123,1421407750,211997271,4,100,100,884,20885002,4
123,1421407750,211997271,7,100,99,1554,20982002,3
123,1421407750,211997271,2,100,99,1669,20394002,2
124,1421407750,211997271,58,100,101,1983,20489002,2
124,1421407750,211997271,6,100,99,1674,21125002,3
124,1421407750,211997271,56,100,99,1042,20303002,0
124,1421407750,218997181,55,100,97,1871,20428002,3
124,1421407750,218997181,53,100,95,1520,20250002,0
125,1421407750,218997181,50,100,99,1955,20270002,0
125,1421407750,218997181,59,100,96,1839,9986000,0
125,1421407750,220997155,57,100,94,1520,20129000,0
125,1421407750,230997026,52,100,97,1006,20183000,0
125,1421407750,230997026,54,100,99,1959,20230000,0
126,1421407750,230997026,51,100,98,1871,20377000,0
126,1421407750,231997014,5,100,101,1689,20652002,4
126,1421407750,231997014,1,100,101,1689,19955002,0
126,1421407750,231997014,9,100,101,1689,20121002,0
126,1421407750,231997014,3,100,99,1554,20128002,0
127,1421407750,231997014,4,100,100,884,20417002,0
127,1421407750,231997014,7,100,99,1554,20082002,0
127,1421407750,231997014,8,100,101,888,20416002,0
127,1421407750,231997014,2,100,98,1650,20958002,3
127,1421407750,231997014,6,100,99,1672,20069002,0
128,1421407750,232997001,58,100,99,1955,20405000,1
128,1421407750,232997001,10,100,99,1669,21247002,2
128,1421407750,232997001,55,100,98,1871,19581000,0
128,1421407750,238996923,53,100,96,1520,20266000,0
128,1421407750,238996923,56,100,98,1027,20280000,0
129,1421407750,238996923,50,100,99,1955,20320000,0
129,1421407750,238996923,59,100,97,1839,9930000,0
129,1421407750,240996898,51,100,95,1839,20141000,0
129,1421407750,251996756,57,100,95,1520,20073000,0
129,1421407750,251996756,52,100,98,1006,20284000,0
130,1421407750,251996756,54,100,99,1959,20239000,0
130,1421407750,251996756,1,100,101,1689,19890002,0
130,1421407750,251996756,9,100,112,1825,20035002,0
130,1421407750,251996756,5,100,101,1689,20080002,0
130,1421407750,251996756,3,100,99,1554,20225002,0
131,1421407750,251996756,2,100,99,1650,20088002,0
131,1421407750,252996743,6,100,99,1672,20959002,12
131,1421407750,252996743,10,100,99,1669,20053002,0
131,1421407750,252996743,7,100,99,1554,21034002,1
131,1421407750,252996743,4,100,100,884,20443002,1
132,1421407750,252996743,8,100,101,888,20981002,1
132,1421407750,252996743,58,100,99,1955,20590000,4
132,1421407750,252996743,53,100,97,1520,20173000,0
132,1421407750,258996666,56,100,99,1027,20293000,0
132,1421407750,258996666,55,100,95,1839,20479000,1
133,1421407750,258996666,50,100,99,1955,18765000,0
133,1421407750,258996666,59,100,98,1839,10091000,0
133,1421407750,261996627,57,100,96,1520,20195000,0
133,1421407750,271996499,51,100,96,1839,20321000,0
133,1421407750,271996499,54,100,99,1959,20139000,0
134,1421407750,271996499,52,100,99,1006,20193000,0
134,1421407750,271996499,1,100,101,1689,19973002,0
134,1421407750,271996499,5,100,101,1689,20000002,0
134,1421407750,271996499,3,100,99,1554,19943002,0
134,1421407750,271996499,9,100,110,1825,19733002,0
135,1421407750,272996486,2,100,99,1650,20273002,5
135,1421407750,272996486,10,100,99,1669,19987002,0
135,1421407750,272996486,7,100,100,1571,20093002,0
135,1421407750,272996486,6,100,99,1672,20092002,0
135,1421407750,272996486,8,100,101,888,20071002,0
136,1421407750,272996486,4,100,100,884,20410002,3
136,1421407750,272996486,58,100,99,1955,20302000,0
136,1421407750,272996486,53,100,98,1520,20251000,0
136,1421407750,278996409,56,100,99,1027,20228000,0
136,1421407750,279996396,55,100,96,1839,20507000,0
137,1421407750,279996396,50,100,99,1959,18696000,0
137,1421407750,279996396,59,100,98,1833,20555000,1
137,1421407750,281996370,57,100,97,1520,20109000,0
137,1421407750,291996241,52,100,98,988,20240000,0
137,1421407750,291996241,51,100,97,1839,20064000,0
138,1421407750,291996241,54,100,101,1981,20300000,0
138,1421407750,291996241,5,100,101,1689,20211000,0
138,1421407750,292996228,1,100,101,1689,20255000,0
138,1421407750,292996228,3,100,99,1554,20560000,4
138,1421407750,292996228,9,100,109,1825,19915000,0
139,1421407750,292996228,4,100,101,899,20766000,4
139,1421407750,292996228,10,100,98,1650,20096000,0
139,1421407750,292996228,7,100,100,1571,20932000,3
139,1421407750,292996228,8,100,101,888,20861000,3
139,1421407750,292996228,2,100,97,1624,20845000,3
140,1421407750,292996228,6,100,99,1669,20336000,0
140,1421407750,293996215,58,100,99,1959,13704000,0
140,1421407750,293996215,53,100,99,1520,20155000,0
140,1421407750,299996138,55,100,97,1839,20210000,0
140,1421407750,299996138,56,100,99,1027,19735000,0
141,1421407750,299996138,50,100,99,1959,18628000,0
141,1421407750,299996138,59,100,99,1833,10345000,0
141,1421407750,301996112,54,100,101,1981,20345000,0
141,1421407750,311995984,52,100,99,988,20316000,0
141,1421407750,312995971,57,100,98,1520,20366000,0
142,1421407750,312995971,51,100,98,1839,20298000,0
142,1421407750,312995971,3,100,100,1571,19827000,0
142,1421407750,312995971,5,100,101,1689,20613000,3
142,1421407750,312995971,9,100,108,1825,20626000,1
142,1421407750,312995971,4,100,101,899,20152000,0
143,1421407750,312995971,10,100,99,1650,19892000,0
143,1421407750,312995971,7,100,100,1571,20153000,0
143,1421407750,312995971,6,100,99,1669,20326000,5
143,1421407750,313995958,1,100,101,1689,21098000,3
143,1421407750,313995958,8,100,100,884,20855000,1
144,1421407750,313995958,2,100,98,1624,21067000,1
144,1421407750,313995958,58,100,99,1959,13895000,0
144,1421407750,313995958,53,100,99,1520,20407000,1
144,1421407750,319995881,55,100,98,1839,20446000,2
144,1421407750,319995881,56,100,97,1006,19601000,0
145,1421407750,319995881,50,100,99,1959,18537000,0
145,1421407750,319995881,59,100,99,1833,20368000,1
145,1421407750,322995842,51,100,98,1833,20216000,0
145,1421407750,332995713,57,100,99,1520,20175000,0
145,1421407750,332995713,52,100,99,988,20108000,0
146,1421407750,332995713,54,100,101,1981,20398000,0
146,1421407750,332995713,9,100,107,1825,20641000,3
146,1421407750,332995713,5,100,101,1689,20571000,1
146,1421407750,332995713,4,100,101,899,20176000,0
146,1421407750,333995700,10,100,99,1650,19969000,0
147,1421407750,333995700,7,100,98,1543,20763000,1
147,1421407750,333995700,1,100,112,1825,20802000,1
147,1421407750,333995700,6,100,99,1669,20856000,4
147,1421407750,333995700,3,100,100,1571,20313000,0
147,1421407750,333995700,2,100,99,1624,20151000,0
148,1421407750,333995700,8,100,100,884,20472000,0
148,1421407750,333995700,58,100,99,1959,20594000,7
148,1421407750,333995700,55,100,98,1833,20237000,0
148,1421407750,339995623,53,100,99,1520,20481000,1
148,1421407750,339995623,56,100,98,1006,20472000,3
149,1421407750,339995623,50,100,101,1981,18623000,0
149,1421407750,340995610,59,100,99,1832,10134000,0
149,1421407750,342995585,57,100,99,1520,20038000,0
149,1421407750,352995456,51,100,99,1833,20126000,0
149,1421407750,352995456,52,100,99,980,20367000,0
150,1421407750,353995443,54,100,101,1981,20239000,0
150,1421407750,353995443,5,100,112,1825,19831000,0
150,1421407750,353995443,4,100,101,904,20012000,0
150,1421407750,353995443,7,100,99,1543,20010000,0
150,1421407750,353995443,9,100,106,1825,20325000,0
151,1421407750,353995443,10,100,97,1624,20778000,4
151,1421407750,353995443,1,100,110,1825,20048000,0
151,1421407750,353995443,6,100,99,1669,20142000,0
151,1421407750,353995443,2,100,98,1609,20240000,1
151,1421407750,353995443,3,100,100,1571,20987000,1
152,1421407750,353995443,8,100,100,884,20062000,0
152,1421407750,353995443,58,100,101,1981,20615000,1
152,1421407750,354995430,53,100,99,1520,20266000,0
152,1421407750,360995353,55,100,99,1833,20249000,0
152,1421407750,360995353,56,100,99,1006,20237000,0
153,1421407750,360995353,50,100,101,1981,20390000,1
153,1421407750,360995353,59,100,99,1832,10203000,0
153,1421407750,362995327,51,100,99,1833,20120000,0
153,1421407750,372995198,57,100,99,1520,20266000,0
153,1421407750,372995198,52,100,99,980,19725000,0
154,1421407750,373995185,54,100,101,1986,19669000,0
154,1421407750,373995185,5,100,110,1825,19882000,0
154,1421407750,373995185,4,100,101,904,19847000,0
154,1421407750,373995185,9,100,105,1825,20601000,1
154,1421407750,373995185,7,100,99,1543,20668000,1
155,1421407750,373995185,1,100,109,1825,20779000,1
155,1421407750,373995185,6,100,98,1650,20109000,0
155,1421407750,373995185,10,100,98,1624,20179000,0
155,1421407750,373995185,2,100,99,1609,20411000,1
155,1421407750,373995185,58,100,101,1981,20440000,4
156,1421407750,373995185,8,100,100,884,21016000,7
156,1421407750,373995185,3,100,98,1543,20207000,0
156,1421407750,374995173,55,100,99,1833,20338000,1
156,1421407750,380995095,53,100,99,1520,20216000,0
156,1421407750,380995095,56,100,98,988,19481000,0
157,1421407750,380995095,50,100,101,1981,18680000,0
157,1421407750,380995095,59,100,99,1832,10181000,0
157,1421407750,383995057,57,100,99,1520,20127000,0
157,1421407750,393994928,51,100,99,1832,20311000,0
157,1421407750,393994928,52,100,99,980,20402000,4
158,1421407750,393994928,54,100,101,1986,20470000,4
158,1421407750,393994928,7,100,97,1521,20701000,3
158,1421407750,393994928,9,100,104,1825,19961000,0
158,1421407750,393994928,5,100,109,1825,20649000,4
158,1421407750,393994928,4,100,101,904,20900000,3
159,1421407750,394994915,10,100,99,1624,20131000,0
159,1421407750,394994915,58,100,101,1981,20157000,0
159,1421407750,394994915,6,100,99,1650,20303000,0
159,1421407750,394994915,3,100,99,1543,20017000,0
159,1421407750,394994915,2,100,99,1609,20131000,0
160,1421407750,394994915,8,100,101,899,20044000,0
160,1421407750,394994915,1,100,108,1825,21228000,2
160,1421407750,394994915,53,100,99,1520,20272000,2
160,1421407750,400994838,55,100,99,1832,20227000,0
160,1421407750,400994838,56,100,99,988,19430000,0
161,1421407750,400994838,50,100,101,1981,18663000,0
161,1421407750,400994838,59,100,99,1823,10285000,0
161,1421407750,403994799,51,100,99,1832,20258000,0
161,1421407750,413994670,52,100,99,980,20208000,0
161,1421407750,413994670,57,100,99,1520,20552000,2
162,1421407750,413994670,54,100,101,1986,20343000,0
162,1421407750,413994670,5,100,108,1825,20231000,0
162,1421407750,413994670,10,100,98,1609,20874000,3
162,1421407750,414994658,4,100,100,896,20692000,1
162,1421407750,414994658,58,100,101,1981,20350000,1
163,1421407750,414994658,8,100,101,899,20900000,6
163,1421407750,414994658,2,100,99,1609,20884000,4
163,1421407750,414994658,6,100,99,1650,20930000,1
163,1421407750,414994658,1,100,107,1825,21141000,1
163,1421407750,414994658,3,100,99,1543,21190000,11
164,1421407750,414994658,9,100,103,1825,20608000,0
164,1421407750,414994658,7,100,98,1521,20524000,0
164,1421407750,414994658,55,100,99,1832,20423000,2
164,1421407750,420994580,53,100,99,1520,20239000,0
164,1421407750,421994567,56,100,99,988,20311000,3
165,1421407750,421994567,50,100,101,1986,20355000,1
165,1421407750,421994567,59,100,99,1823,20505000,1
165,1421407750,423994542,51,100,99,1832,20284000,0
165,1421407750,433994413,57,100,99,1520,20232000,0
165,1421407750,434994400,52,100,99,971,20141000,0
166,1421407750,434994400,54,100,103,2019,20174000,0
166,1421407750,434994400,4,100,100,896,20151000,0
166,1421407750,434994400,10,100,99,1609,20089000,0
166,1421407750,434994400,58,100,101,1986,20390000,4
166,1421407750,434994400,8,100,101,899,20068000,0
167,1421407750,434994400,2,100,98,1590,20214000,0
167,1421407750,434994400,9,100,102,1825,21115000,6
167,1421407750,434994400,5,100,107,1825,20337000,0
167,1421407750,435994387,3,100,97,1521,20145000,0
167,1421407750,435994387,7,100,99,1521,20139000,0
168,1421407750,435994387,1,100,106,1825,20401000,0
168,1421407750,435994387,6,100,97,1624,20713000,0
168,1421407750,435994387,53,100,99,1520,20294000,0
168,1421407750,441994310,56,100,99,980,20285000,0
168,1421407750,441994310,55,100,99,1832,19325000,0
169,1421407750,441994310,50,100,101,1986,20267000,0
169,1421407750,441994310,59,100,99,1823,10156000,0
169,1421407750,443994284,52,100,99,971,20217000,0
169,1421407750,454994143,54,100,102,2019,20274000,0
169,1421407750,454994143,57,100,99,1520,20112000,0
170,1421407750,454994143,51,100,99,1823,20335000,0
170,1421407750,454994143,4,100,100,896,20712000,4
170,1421407750,454994143,8,100,101,904,20812000,4
170,1421407750,454994143,58,100,101,1986,20356000,0
170,1421407750,454994143,7,100,99,1521,20871000,1
171,1421407750,454994143,9,100,101,1825,20260000,0
171,1421407750,455994130,1,100,105,1825,20033000,0
171,1421407750,455994130,3,100,98,1521,20592000,1
171,1421407750,455994130,2,100,99,1590,20321000,0
171,1421407750,455994130,5,100,106,1825,21061000,1
172,1421407750,455994130,6,100,98,1624,20130000,0
172,1421407750,455994130,10,100,99,1609,20904000,0
172,1421407750,455994130,55,100,99,1823,19390000,0
172,1421407750,461994052,56,100,99,980,20270000,0
172,1421407750,461994052,53,100,99,1520,20204000,0
173,1421407750,461994052,50,100,101,1986,20300000,0
173,1421407750,461994052,59,100,99,1823,20397000,1
173,1421407750,464994014,51,100,99,1823,20242000,0
173,1421407750,474993885,52,100,99,971,20281000,0
173,1421407750,474993885,54,100,101,2019,20303000,0
174,1421407750,474993885,57,100,99,1520,20352000,0
174,1421407750,474993885,8,100,101,904,20229000,0
174,1421407750,475993872,58,100,101,1986,20411000,0
174,1421407750,475993872,4,100,100,896,20055000,0
174,1421407750,475993872,3,100,99,1521,20872000,4
175,1421407750,475993872,7,100,99,1518,19972000,0
175,1421407750,475993872,5,100,105,1825,20005000,0
175,1421407750,475993872,1,100,104,1825,20976000,4
175,1421407750,475993872,9,100,101,1825,20330000,0
175,1421407750,475993872,2,100,99,1590,20448000,3
176,1421407750,475993872,6,100,99,1624,20495000,8
176,1421407750,475993872,10,100,99,1609,21240000,4
176,1421407750,476993859,55,100,99,1823,19439000,0
176,1421407750,481993795,53,100,99,1520,20315000,0
176,1421407750,481993795,56,100,99,980,20394000,0
177,1421407750,481993795,50,100,103,2019,18486000,0
177,1421407750,482993782,59,100,97,1797,10325000,0
177,1421407750,484993756,52,100,99,963,20188000,0
177,1421407750,494993628,51,100,99,1823,20272000,0
177,1421407750,495993615,57,100,99,1520,20200000,0
178,1421407750,495993615,54,100,99,2003,20294000,0
178,1421407750,495993615,8,100,101,904,20003000,0
178,1421407750,495993615,4,100,99,891,20170000,0
178,1421407750,495993615,58,100,103,2019,20454000,0
178,1421407750,495993615,1,100,103,1825,21158000,2
179,1421407750,495993615,7,100,99,1518,21100000,4
179,1421407750,495993615,2,100,98,1577,20692000,0
179,1421407750,495993615,5,100,104,1825,21390000,4
179,1421407750,495993615,6,100,98,1609,21366000,2
179,1421407750,495993615,10,100,98,1590,20586000,0
180,1421407750,495993615,3,100,99,1521,20800000,0
180,1421407750,496993602,9,100,101,1825,20415000,0
180,1421407750,496993602,56,100,99,980,20216000,0
180,1421407750,502993525,53,100,99,1520,20285000,0
180,1421407750,502993525,55,100,99,1823,19725000,0
181,1421407750,502993525,50,100,102,2019,18428000,0
181,1421407750,502993525,59,100,98,1797,10425000,0
181,1421407750,505993486,54,100,99,2003,20163000,0
181,1421407750,515993357,52,100,99,963,20047000,0
181,1421407750,515993357,57,100,99,1520,19955000,0
182,1421407750,515993357,51,100,99,1823,20154000,0
182,1421407750,515993357,58,100,102,2019,20432000,0
182,1421407750,515993357,4,100,99,891,20938000,2
182,1421407750,515993357,8,100,100,896,19807000,0
182,1421407750,515993357,5,100,103,1825,19960000,0
183,1421407750,516993344,7,100,99,1518,20099000,0
183,1421407750,516993344,10,100,99,1590,20019000,0
183,1421407750,516993344,6,100,99,1609,21454000,2
183,1421407750,516993344,2,100,99,1577,20597000,6
183,1421407750,516993344,3,100,99,1518,20598000,0
184,1421407750,516993344,1,100,102,1825,20469000,0
184,1421407750,516993344,9,100,90,1713,20264000,0
184,1421407750,516993344,56,100,99,971,20082000,0
184,1421407750,522993267,55,100,99,1823,20519000,3
184,1421407750,522993267,53,100,99,1520,20585000,0
185,1421407750,522993267,50,100,101,2019,18326000,0
185,1421407750,522993267,59,100,99,1797,10383000,0
185,1421407750,525993229,51,100,97,1797,20061000,0
185,1421407750,535993100,57,100,99,1520,20211000,0
185,1421407750,535993100,54,100,99,2003,20337000,0
186,1421407750,535993100,52,100,99,963,20178000,0
186,1421407750,535993100,58,100,101,2019,20247000,0
186,1421407750,535993100,8,100,100,896,19732000,0
186,1421407750,536993087,4,100,99,891,19732000,0
186,1421407750,536993087,6,100,99,1609,19823000,0
187,1421407750,536993087,10,100,99,1590,19908000,0
187,1421407750,536993087,7,100,98,1504,20079000,0
187,1421407750,536993087,5,100,102,1825,19908000,0
187,1421407750,536993087,2,100,99,1577,20125000,0
187,1421407750,536993087,3,100,99,1518,20237000,0
188,1421407750,536993087,1,100,101,1825,20217000,1
188,1421407750,536993087,9,100,91,1713,20174000,0
188,1421407750,537993074,55,100,97,1797,20133000,0
188,1421407750,542993010,56,100,99,971,19684000,0
188,1421407750,543992997,53,100,99,1520,19787000,0
189,1421407750,543992997,50,100,99,2003,20378000,1
189,1421407750,543992997,59,100,97,1767,10538001,0
189,1421407750,546992958,54,100,99,2003,20224000,0
189,1421407750,556992829,57,100,99,1520,20271001,0
189,1421407750,556992829,51,100,98,1797,20184000,0
190,1421407750,556992829,52,100,99,958,20168000,0
190,1421407750,556992829,58,100,99,2003,20416000,1
190,1421407750,556992829,4,100,101,913,20283000,0
190,1421407750,556992829,8,100,100,896,20271000,0
190,1421407750,556992829,6,100,99,1609,19867000,0
191,1421407750,556992829,10,100,98,1577,19897000,0
191,1421407750,556992829,7,100,99,1504,20005000,0
191,1421407750,557992817,5,100,101,1825,19994000,0
191,1421407750,557992817,2,100,99,1576,19966000,0
191,1421407750,557992817,3,100,99,1518,20145000,0
192,1421407750,557992817,1,100,101,1825,20376000,6
192,1421407750,557992817,9,100,92,1713,20427000,6
192,1421407750,557992817,55,100,98,1797,20339000,1
192,1421407750,563992739,53,100,99,1520,20492000,3
192,1421407750,563992739,50,100,99,2003,20304001,0
193,1421407750,563992739,56,100,99,971,18270000,0
193,1421407750,563992739,59,100,98,1767,20455000,1
193,1421407750,566992701,51,100,99,1797,20094000,0
193,1421407750,576992572,52,100,99,958,20287001,0
193,1421407750,576992572,57,100,99,1520,20309000,0
194,1421407750,576992572,54,100,100,2015,20317001,0
194,1421407750,576992572,58,100,99,2003,20068000,0
194,1421407750,576992572,8,100,100,896,20297000,0
194,1421407750,576992572,6,100,98,1590,20348000,3
194,1421407750,577992559,10,100,99,1577,20374000,1
195,1421407750,577992559,7,100,99,1504,20500000,3
195,1421407750,577992559,2,100,99,1576,20507000,3
195,1421407750,577992559,5,100,101,1825,20524000,3
195,1421407750,577992559,3,100,98,1504,20137000,0
195,1421407750,577992559,4,100,101,913,20186000,0
196,1421407750,577992559,1,100,101,1825,20612000,3
196,1421407750,577992559,9,100,93,1713,13852000,0
196,1421407750,577992559,55,100,99,1797,19137001,0
196,1421407750,583992482,53,100,99,1520,19266000,0
196,1421407750,583992482,50,100,99,2003,20797001,1
197,1421407750,583992482,56,100,99,963,21186000,1
197,1421407750,583992482,59,100,99,1767,10432001,0
197,1421407750,586992443,52,100,99,958,20187000,0
197,1421407750,596992314,54,100,100,2015,20190001,0
197,1421407750,596992314,57,100,99,1520,20245000,0
198,1421407750,597992302,51,100,97,1767,20194000,0
198,1421407750,597992302,58,100,99,2003,20035001,0
198,1421407750,597992302,8,100,99,891,20339000,0
198,1421407750,597992302,6,100,99,1590,20024000,0
198,1421407750,597992302,10,100,99,1577,20391000,2
199,1421407750,597992302,7,100,99,1509,19967000,0
199,1421407750,597992302,3,100,99,1504,20421000,6
199,1421407750,597992302,5,100,101,1825,19927000,0
199,1421407750,598992289,2,100,99,1576,19986000,0
199,1421407750,598992289,4,100,101,913,20556000,0
200,1421407750,598992289,1,100,90,1713,20197000,0
200,1421407750,598992289,9,100,94,1713,20340000,1
200,1421407750,598992289,55,100,97,1767,20222000,0
200,1421407750,603992224,53,100,99,1520,20579001,1
200,1421407750,603992224,50,100,99,2003,20311000,0
201,1421407750,604992211,56,100,99,963,17972001,0
201,1421407750,604992211,59,100,97,1743,10464001,0
201,1421407750,606992186,51,100,98,1767,20144001,0
201,1421407750,616992057,52,100,99,958,20239001,0
201,1421407750,617992044,57,100,99,1520,20092001,0
202,1421407750,617992044,54,100,100,2015,20116000,0
202,1421407750,617992044,58,100,99,2003,20071001,0
202,1421407750,617992044,6,100,99,1590,20059000,0
202,1421407750,617992044,8,100,99,891,20223000,0
202,1421407750,617992044,3,100,99,1504,20235000,0
203,1421407750,618992031,7,100,99,1509,20000001,0
203,1421407750,618992031,5,100,90,1713,20083001,0
203,1421407750,618992031,4,100,101,928,20080000,0
203,1421407750,618992031,1,100,91,1713,20243000,0
203,1421407750,618992031,2,100,99,1576,20203001,0
204,1421407750,618992031,10,100,99,1576,20317000,0
204,1421407750,618992031,9,100,95,1713,20485000,10
204,1421407750,618992031,53,100,99,1520,20265001,0
204,1421407750,624991954,55,100,98,1767,20615000,1
204,1421407750,624991954,56,100,99,963,20447001,2
205,1421407750,624991954,50,100,100,2015,18053000,0
205,1421407750,624991954,59,100,98,1743,20488001,1
205,1421407750,627991915,51,100,99,1767,20175001,0
205,1421407750,637991787,52,100,98,944,20174001,0
205,1421407750,637991787,54,100,99,2012,20201001,0
206,1421407750,637991787,57,100,99,1520,20189001,0
206,1421407750,637991787,58,100,100,2015,19941000,0
206,1421407750,637991787,8,100,99,891,20205001,0
206,1421407750,637991787,6,100,98,1577,19924001,0
206,1421407750,637991787,3,100,99,1509,20021001,0
207,1421407750,637991787,7,100,99,1509,19933000,0
207,1421407750,638991774,1,100,92,1713,20181000,0
207,1421407750,638991774,5,100,91,1713,20150000,0
207,1421407750,638991774,4,100,101,928,20142001,0
207,1421407750,638991774,10,100,99,1576,20188000,0
208,1421407750,638991774,2,100,99,1567,20379001,5
208,1421407750,638991774,9,100,96,1713,20167001,0
208,1421407750,638991774,53,100,99,1520,20304001,0
208,1421407750,644991696,55,100,99,1767,20308001,0
208,1421407750,644991696,50,100,100,2015,20356001,2
209,1421407750,644991696,56,100,99,958,20273001,0
209,1421407750,644991696,59,100,99,1743,10478001,0
209,1421407750,647991658,52,100,99,944,20128001,0
209,1421407750,657991529,51,100,97,1743,20251001,0
209,1421407750,657991529,57,100,99,1520,20254001,0
210,1421407750,657991529,54,100,99,2012,20304001,0
210,1421407750,657991529,58,100,100,2015,19974001,0
210,1421407750,658991516,1,100,93,1713,19967001,0
210,1421407750,658991516,7,100,99,1509,19945000,0
210,1421407750,658991516,6,100,99,1577,19848000,0
211,1421407750,658991516,8,100,101,913,20185000,0
211,1421407750,658991516,4,100,101,928,20082000,0
211,1421407750,658991516,5,100,92,1713,20114000,0
211,1421407750,658991516,10,100,99,1576,20009000,0
211,1421407750,658991516,9,100,87,1615,20067001,0
212,1421407750,658991516,2,100,99,1567,20222001,0
212,1421407750,659991503,3,100,99,1509,20386000,0
212,1421407750,659991503,55,100,97,1743,20303001,0
212,1421407750,664991439,53,100,99,1520,20428001,0
212,1421407750,665991426,56,100,99,958,17921001,0
213,1421407750,665991426,50,100,100,2015,20273001,0
213,1421407750,665991426,59,100,99,1743,10654001,0
213,1421407750,667991400,51,100,98,1743,20178001,0
213,1421407750,677991272,54,100,99,2012,20139001,0
213,1421407750,677991272,57,100,99,1520,20088001,0
214,1421407750,678991259,52,100,99,944,20234001,0
214,1421407750,678991259,58,100,100,2015,19953001,0
214,1421407750,678991259,8,100,101,913,20227001,0
214,1421407750,678991259,6,100,99,1577,19925001,0
214,1421407750,678991259,1,100,94,1713,19854001,0
215,1421407750,678991259,7,100,100,1519,20062001,0
215,1421407750,678991259,10,100,99,1576,20076000,0
215,1421407750,679991246,5,100,93,1713,20324000,0
215,1421407750,679991246,4,100,101,928,19960001,0
215,1421407750,679991246,3,100,99,1509,20286001,0
216,1421407750,679991246,9,100,88,1615,20138001,0
216,1421407750,679991246,2,100,99,1567,20291001,0
216,1421407750,679991246,55,100,98,1743,19908001,0
216,1421407750,685991169,53,100,99,1520,20454001,1
216,1421407750,685991169,56,100,99,958,20352001,2
217,1421407750,685991169,50,100,99,2012,20242001,0
217,1421407750,685991169,59,100,98,1727,10617001,0
217,1421407750,688991130,51,100,99,1743,20192001,0
217,1421407750,697991014,52,100,98,926,20109001,0
217,1421407750,698991001,57,100,99,1520,20179001,0
218,1421407750,698991001,54,100,96,1979,19567001,0
218,1421407750,698991001,6,100,99,1576,19918001,0
218,1421407750,698991001,10,100,99,1567,20077001,0
218,1421407750,698991001,8,100,101,913,20090001,0
218,1421407750,698991001,58,100,99,2012,20176001,0
219,1421407750,698991001,7,100,100,1519,20150001,0
219,1421407750,698991001,3,100,99,1509,20203001,0
219,1421407750,699990988,4,100,100,926,19988001,0
219,1421407750,699990988,5,100,94,1713,20056001,0
219,1421407750,699990988,9,100,89,1615,20049001,0
220,1421407750,699990988,1,100,95,1713,20215001,0
220,1421407750,699990988,2,100,99,1558,20285001,0
220,1421407750,699990988,53,100,99,1520,20300001,0
220,1421407750,705990911,55,100,99,1743,19942001,0
220,1421407750,705990911,56,100,99,958,20169001,0
221,1421407750,705990911,50,100,99,2012,17836001,0
221,1421407750,705990911,59,100,99,1727,20505001,1
221,1421407750,708990872,52,100,99,926,20229001,0
221,1421407750,718990744,57,100,99,1520,20215001,0
221,1421407750,718990744,54,100,97,1979,20349001,4
222,1421407750,718990744,51,100,99,1743,20349001,0
222,1421407750,718990744,8,100,101,928,20069001,0
222,1421407750,718990744,3,100,100,1519,20092001,0
222,1421407750,718990744,6,100,99,1576,19888001,0
222,1421407750,718990744,7,100,100,1519,20175001,0
223,1421407750,718990744,58,100,99,2012,20220001,0
223,1421407750,718990744,5,100,95,1713,20202001,0
223,1421407750,719990731,1,100,96,1713,20108001,0
223,1421407750,719990731,4,100,100,926,20031001,0
223,1421407750,719990731,9,100,90,1615,20028001,0
224,1421407750,719990731,10,100,99,1567,20250001,0
224,1421407750,719990731,2,100,99,1558,20178001,0
224,1421407750,719990731,55,100,99,1743,20103001,0
224,1421407750,725990654,53,100,99,1520,20410001,0
224,1421407750,725990654,50,100,99,2012,20332001,1
225,1421407750,726990641,56,100,98,944,20188001,0
225,1421407750,726990641,59,100,99,1727,11048001,0
225,1421407750,729990602,51,100,98,1727,20138001,0
225,1421407750,738990486,52,100,99,926,20227001,0
225,1421407750,738990486,57,100,99,1520,20109001,0
226,1421407750,738990486,54,100,98,1979,20317001,0
226,1421407750,738990486,6,100,99,1576,19902001,0
226,1421407750,738990486,7,100,99,1509,19960001,0
226,1421407750,738990486,1,100,87,1615,19938001,0
226,1421407750,738990486,5,100,96,1713,20204001,0
227,1421407750,738990486,58,100,99,2012,20452001,1
227,1421407750,738990486,3,100,100,1519,20272001,0
227,1421407750,739990473,8,100,101,928,20196001,0
227,1421407750,739990473,4,100,100,926,20087001,0
227,1421407750,739990473,9,100,91,1615,20067001,0
228,1421407750,739990473,10,100,99,1567,20443001,0
228,1421407750,739990473,2,100,99,1558,20307001,0
228,1421407750,739990473,55,100,98,1727,20561001,1
228,1421407750,746990383,53,100,99,1520,20180001,0
228,1421407750,746990383,50,100,96,1979,20414001,2
229,1421407750,746990383,56,100,99,944,20195001,0
229,1421407750,746990383,59,100,99,1721,11068001,0
229,1421407750,749990345,52,100,98,912,20263001,0
229,1421407750,758990229,54,100,99,1979,20096001,0
229,1421407750,758990229,57,100,99,1520,20173001,0
230,1421407750,758990229,51,100,99,1727,20181001,0
230,1421407750,758990229,7,100,99,1509,20009001,0
230,1421407750,759990216,6,100,99,1576,20238001,0
230,1421407750,759990216,5,100,87,1615,19986001,0
230,1421407750,759990216,3,100,100,1519,20295001,0
231,1421407750,759990216,58,100,96,1979,20456001,0
231,1421407750,759990216,4,100,99,924,20322001,0
231,1421407750,759990216,8,100,101,928,20199001,0
231,1421407750,759990216,10,100,99,1558,20572001,2
231,1421407750,759990216,9,100,92,1615,20449001,0
232,1421407750,759990216,2,100,99,1558,20273001,0
232,1421407750,759990216,1,100,88,1615,20463001,0
232,1421407750,760990203,50,100,97,1979,20452001,1
232,1421407750,766990126,53,100,99,1520,20213001,0
232,1421407750,766990126,55,100,99,1727,20521001,1
233,1421407750,766990126,56,100,99,944,17335001,0
233,1421407750,766990126,59,100,99,1721,11231001,0
233,1421407750,769990087,52,100,99,912,20205001,0
233,1421407750,778989971,54,100,98,1965,20125001,0
233,1421407750,778989971,57,100,99,1520,20169001,0
234,1421407750,779989958,51,100,99,1727,20285001,0
234,1421407750,779989958,5,100,88,1615,20214001,0
234,1421407750,779989958,3,100,99,1509,20022001,0
234,1421407750,779989958,58,100,97,1979,20047001,0
234,1421407750,779989958,7,100,99,1509,19834001,0
235,1421407750,779989958,4,100,99,924,19984001,0
235,1421407750,779989958,10,100,99,1558,20146001,0
235,1421407750,779989958,2,100,98,1540,20268001,0
235,1421407750,779989958,8,100,101,928,20186001,0
235,1421407750,780989946,1,100,89,1615,20160001,0
236,1421407750,780989946,9,100,93,1615,19885001,0
236,1421407750,780989946,6,100,99,1567,20079001,0
236,1421407750,780989946,50,100,98,1979,20196001,0
236,1421407750,786989868,53,100,99,1520,20454001,2
236,1421407750,786989868,56,100,98,926,17204001,0
237,1421407750,786989868,55,100,99,1727,17307001,0
237,1421407750,787989855,59,100,99,1721,11142001,0
237,1421407750,790989817,54,100,99,1965,20205001,0
237,1421407750,799989701,51,100,99,1721,20223001,0
237,1421407750,799989701,52,100,99,912,20270001,0
238,1421407750,799989701,57,100,99,1520,20300001,0
238,1421407750,799989701,5,100,89,1615,19893001,0
238,1421407750,799989701,7,100,100,1523,19955001,0
238,1421407750,799989701,58,100,98,1979,20366001,1
238,1421407750,799989701,4,100,99,924,20009001,0
239,1421407750,799989701,10,100,99,1558,19882001,0
239,1421407750,799989701,1,100,90,1615,20059001,0
239,1421407750,799989701,8,100,100,926,20100001,0
239,1421407750,800989688,2,100,99,1540,20163001,0
239,1421407750,800989688,9,100,86,1535,20067001,0
240,1421407750,800989688,3,100,99,1509,20345001,0
240,1421407750,800989688,6,100,99,1567,20040001,0
240,1421407750,800989688,53,100,99,1520,20219001,0
240,1421407750,807989598,56,100,99,926,20384001,4
240,1421407750,807989598,50,100,99,1979,20139001,0
241,1421407750,807989598,55,100,99,1721,22219001,1
241,1421407750,808989585,59,100,101,1743,20483001,1
241,1421407750,809989572,57,100,99,1520,20132001,0
241,1421407750,819989443,54,100,99,1965,20146001,0
241,1421407750,819989443,52,100,99,912,20254001,0
242,1421407750,819989443,51,100,99,1721,20264001,0
242,1421407750,819989443,1,100,91,1615,20109001,0
242,1421407750,819989443,7,100,100,1523,20062001,0
242,1421407750,819989443,4,100,100,936,19824001,0
242,1421407750,819989443,5,100,90,1615,19914001,0
243,1421407750,820989431,58,100,99,1979,20012001,0
243,1421407750,820989431,8,100,100,926,20049001,0
243,1421407750,820989431,9,100,87,1535,20137001,0
243,1421407750,820989431,3,100,99,1509,20216001,0
243,1421407750,820989431,2,100,99,1540,20139001,0
244,1421407750,820989431,10,100,99,1558,20178001,0
244,1421407750,820989431,6,100,99,1567,20365001,1
244,1421407750,820989431,56,100,99,926,20427001,0
244,1421407750,827989340,50,100,98,1965,20464001,0
244,1421407750,827989340,53,100,94,1463,20710001,1
245,1421407750,827989340,55,100,99,1721,19030001,0
245,1421407750,829989315,59,100,101,1743,11428001,0
245,1421407750,829989315,52,100,99,910,20055001,0
245,1421407750,842989147,51,100,99,1721,20134001,0
245,1421407750,842989147,57,100,99,1520,20291001,0
246,1421407750,842989147,54,100,97,1940,20228001,0
246,1421407750,842989147,1,100,92,1615,19922001,0
246,1421407750,842989147,5,100,91,1615,20029001,0
246,1421407750,842989147,4,100,100,936,20062001,0
246,1421407750,842989147,7,100,100,1523,19894001,0
247,1421407750,842989147,3,100,100,1523,20168001,0
247,1421407750,843989134,58,100,98,1965,20388001,1
247,1421407750,843989134,8,100,100,926,20050001,0
247,1421407750,843989134,9,100,88,1535,20092001,0
247,1421407750,843989134,2,100,96,1509,20156001,0
248,1421407750,843989134,10,100,98,1540,20073001,0
248,1421407750,843989134,6,100,99,1558,20375001,1
248,1421407750,843989134,53,100,95,1463,18691001,0
248,1421407750,847989083,56,100,98,912,20302001,0
248,1421407750,847989083,50,100,99,1965,20334001,0
249,1421407750,848989070,55,100,99,1721,18892001,0
249,1421407750,849989057,59,100,101,1743,20386001,1
249,1421407750,849989057,52,100,99,910,20207001,0
249,1421407750,860988916,51,100,101,1743,20235001,0
249,1421407750,860988916,54,100,98,1940,20323001,3
250,1421407750,860988916,57,100,94,1463,20161001,0
250,1421407750,860988916,4,100,100,936,19972001,0
250,1421407750,860988916,5,100,92,1615,20048001,0
250,1421407750,860988916,3,100,100,1523,20095001,0
250,1421407750,860988916,7,100,100,1523,20090001,0
251,1421407750,860988916,8,100,99,924,20055001,0
251,1421407750,860988916,58,100,99,1965,20164001,0
251,1421407750,861988903,2,100,97,1509,20236001,0
251,1421407750,861988903,10,100,99,1540,20082001,0
251,1421407750,861988903,9,100,89,1535,20013001,0
252,1421407750,861988903,6,100,99,1558,20232001,0
252,1421407750,861988903,1,100,93,1615,20191001,0
252,1421407750,861988903,56,100,99,912,20192001,0
252,1421407750,868988813,53,100,96,1463,20397001,3
252,1421407750,868988813,50,100,99,1965,20320001,1
253,1421407750,868988813,55,100,101,1743,18808001,0
253,1421407750,869988800,59,100,101,1743,20320001,0
253,1421407750,869988800,51,100,101,1743,20149001,0
253,1421407750,880988658,57,100,95,1463,20135001,0
253,1421407750,880988658,52,100,99,910,20175001,0
254,1421407750,880988658,54,100,99,1940,20163001,0
254,1421407750,880988658,3,100,100,1523,20120001,0
254,1421407750,880988658,4,100,100,936,20162001,0
254,1421407750,880988658,7,100,98,1502,20013001,0
254,1421407750,880988658,58,100,99,1965,20474001,3
255,1421407750,880988658,8,100,99,924,20215001,0
255,1421407750,880988658,10,100,99,1540,20433001,0
255,1421407750,881988645,2,100,98,1509,20272001,0
255,1421407750,881988645,5,100,93,1615,20436001,0
255,1421407750,882988632,1,100,86,1535,20454001,0
256,1421407750,882988632,9,100,90,1535,20197001,0
256,1421407750,882988632,6,100,99,1558,20636001,4
256,1421407750,882988632,53,100,97,1463,20222001,0
256,1421407750,888988555,56,100,99,912,20271001,0
256,1421407750,888988555,50,100,97,1940,20227001,0
257,1421407750,888988555,55,100,101,1743,18854001,0
257,1421407750,890988529,59,100,101,1748,20307001,0
257,1421407750,890988529,51,100,101,1743,20212001,0
257,1421407750,900988401,57,100,96,1463,20126001,0
257,1421407750,900988401,54,100,99,1936,20368001,0
258,1421407750,900988401,52,100,99,901,20275001,0
258,1421407750,900988401,58,100,97,1940,20323001,0
258,1421407750,900988401,8,100,99,924,19954001,0
258,1421407750,900988401,4,100,101,948,20146001,0
258,1421407750,901988388,10,100,96,1509,20162001,0
259,1421407750,902988375,7,100,99,1502,19955001,0
259,1421407750,902988375,5,100,86,1535,20078001,0
259,1421407750,902988375,2,100,96,1487,20197001,0
259,1421407750,902988375,1,100,87,1535,20235001,0
259,1421407750,902988375,9,100,91,1535,20364001,0
260,1421407750,902988375,3,100,100,1523,20382001,0
260,1421407750,902988375,6,100,99,1558,20240001,0
260,1421407750,902988375,53,100,98,1463,20187001,0
260,1421407750,908988298,56,100,99,912,20170001,0
260,1421407750,908988298,50,100,98,1940,20421001,0
261,1421407750,908988298,55,100,101,1743,18765001,0
261,1421407750,910988272,59,100,101,1748,11580001,0
261,1421407750,910988272,57,100,97,1463,20132001,0
261,1421407750,920988143,51,100,101,1743,20443001,0
261,1421407750,920988143,52,100,99,901,20590001,0
262,1421407750,921988130,54,100,99,1936,18963001,0
262,1421407750,921988130,58,100,98,1940,20303001,0
262,1421407750,921988130,10,100,97,1509,19938001,0
262,1421407750,922988117,4,100,101,948,20086001,0
262,1421407750,922988117,1,100,88,1535,20338001,0
263,1421407750,922988117,7,100,99,1502,19935001,0
263,1421407750,922988117,5,100,87,1535,20098001,0
263,1421407750,922988117,2,100,97,1487,20352001,0
263,1421407750,923988104,8,100,100,936,20319001,0
263,1421407750,923988104,3,100,98,1502,20306001,0
264,1421407750,923988104,9,100,92,1535,20429001,0
264,1421407750,923988104,6,100,98,1540,20493001,1
264,1421407750,923988104,56,100,99,910,20413001,0
264,1421407750,929988027,53,100,99,1463,20500001,2
264,1421407750,929988027,50,100,99,1940,20404001,0
265,1421407750,929988027,55,100,101,1743,18814001,0
265,1421407750,929988027,59,100,101,1748,11773001,0
265,1421407750,930988014,51,100,101,1748,20178001,0
265,1421407750,941987873,57,100,98,1463,20524001,2
265,1421407750,941987873,52,100,99,901,20220001,0
266,1421407750,941987873,54,100,99,1936,19037001,0
266,1421407750,941987873,58,100,99,1940,19746001,0
266,1421407750,941987873,4,100,101,948,20081001,0
266,1421407750,943987847,7,100,96,1470,20046001,0
266,1421407750,943987847,8,100,100,936,20172001,0
267,1421407750,943987847,3,100,99,1502,20164001,0
267,1421407750,943987847,5,100,88,1535,20365001,0
267,1421407750,943987847,2,100,98,1487,20288001,0
267,1421407750,943987847,1,100,89,1535,19932001,0
267,1421407750,943987847,9,100,93,1535,20272001,0
268,1421407750,943987847,6,100,99,1540,20431001,0
268,1421407750,943987847,10,100,98,1509,20251001,0
268,1421407750,943987847,56,100,99,910,20267001,0
268,1421407750,949987770,53,100,99,1463,20160001,0
268,1421407750,949987770,50,100,99,1936,20477001,1
269,1421407750,949987770,55,100,101,1748,18780001,0
269,1421407750,949987770,59,100,99,1729,11718001,0
269,1421407750,951987744,57,100,99,1463,20249001,0
269,1421407750,961987615,51,100,101,1748,20275001,0
269,1421407750,961987615,52,100,99,897,20408001,2
270,1421407750,961987615,54,100,99,1936,20282001,4
270,1421407750,961987615,58,100,99,1936,19924002,0
270,1421407750,961987615,7,100,97,1470,20170001,0
270,1421407750,963987589,4,100,100,942,19915001,0
270,1421407750,963987589,3,100,99,1502,19999001,0
271,1421407750,963987589,5,100,89,1535,20418001,0
271,1421407750,963987589,2,100,99,1487,20377001,0
271,1421407750,963987589,1,100,90,1535,20333001,0
271,1421407750,963987589,9,100,94,1535,20963001,1
271,1421407750,964987577,8,100,100,936,20385001,0
272,1421407750,964987577,6,100,99,1540,20368001,0
272,1421407750,964987577,10,100,96,1487,20520001,0
272,1421407750,964987577,50,100,99,1936,20297001,1
272,1421407750,969987512,56,100,99,910,20330001,0
272,1421407750,969987512,53,100,99,1463,20476001,1
273,1421407750,969987512,55,100,101,1748,18904001,0
273,1421407750,971987486,59,100,99,1729,11661001,0
273,1421407750,971987486,51,100,101,1748,20324001,2
273,1421407750,981987358,52,100,99,897,20312001,1
273,1421407750,981987358,57,100,99,1463,20270001,0
274,1421407750,981987358,54,100,101,1957,20204002,0
274,1421407750,981987358,58,100,99,1936,20446001,1
274,1421407750,982987345,3,100,96,1470,19973001,0
274,1421407750,983987332,7,100,98,1470,20104001,0
274,1421407750,983987332,5,100,90,1535,20192001,0
275,1421407750,983987332,1,100,91,1535,20016001,0
275,1421407750,983987332,8,100,100,936,20188001,0
275,1421407750,983987332,6,100,96,1509,20196001,0
275,1421407750,983987332,9,100,95,1535,20277001,0
275,1421407750,984987319,4,100,100,942,20104001,0
276,1421407750,984987319,2,100,98,1472,20426001,0
276,1421407750,984987319,10,100,97,1487,20496001,0
276,1421407750,984987319,56,100,99,901,20288001,0
276,1421407750,989987255,53,100,99,1463,20342002,1
276,1421407750,990987242,50,100,99,1936,20293002,0
277,1421407750,990987242,55,100,101,1748,18914002,0
277,1421407750,991987229,59,100,99,1729,11745001,0
277,1421407750,991987229,57,100,99,1463,20563002,1
277,1421407751,2999962,51,100,99,1729,20444002,0
277,1421407751,2999962,54,100,101,1957,20334001,0
278,1421407751,2999962,52,100,99,897,20489001,0
278,1421407751,2999962,58,100,99,1936,19764002,0
278,1421407751,2999962,3,100,97,1470,19891001,0
278,1421407751,4999936,8,100,101,948,20174001,0
278,1421407751,4999936,9,100,96,1535,20246001,0
279,1421407751,4999936,5,100,91,1535,20049001,0
279,1421407751,4999936,6,100,97,1509,20223001,0
279,1421407751,4999936,4,100,100,942,20352001,0
279,1421407751,4999936,10,100,98,1487,21128001,1
279,1421407751,4999936,7,100,99,1489,20388001,0
280,1421407751,5999923,2,100,99,1472,20306001,0
280,1421407751,5999923,1,100,92,1535,20476001,0
280,1421407751,5999923,53,100,99,1463,20224001,0
280,1421407751,10999859,56,100,99,901,20353002,0
280,1421407751,10999859,50,100,99,1936,20347002,0
281,1421407751,10999859,55,100,99,1729,20487001,1
281,1421407751,13999820,59,100,98,1710,20476001,1
281,1421407751,13999820,57,100,99,1463,20184002,0
281,1421407751,23999692,51,100,99,1729,20277002,0
281,1421407751,23999692,54,100,101,1957,20419002,0
282,1421407751,23999692,52,100,99,897,21230002,1
282,1421407751,23999692,58,100,99,1936,19663002,0
282,1421407751,23999692,9,100,97,1535,20194001,0
282,1421407751,25999666,5,100,92,1535,20012001,0
282,1421407751,25999666,8,100,101,948,20054002,0
283,1421407751,25999666,4,100,100,944,20111001,0
283,1421407751,25999666,3,100,98,1470,20171001,0
283,1421407751,25999666,7,100,99,1489,20116001,0
283,1421407751,25999666,6,100,98,1509,20146002,0
283,1421407751,25999666,1,100,93,1535,20148001,0
284,1421407751,25999666,10,100,99,1487,20155002,0
284,1421407751,25999666,2,100,99,1472,20516001,3
284,1421407751,25999666,56,100,99,901,20086002,0
284,1421407751,31999589,50,100,101,1957,20188002,0
284,1421407751,31999589,53,100,99,1463,20355002,0
285,1421407751,31999589,55,100,99,1729,18825002,0
285,1421407751,33999563,59,100,99,1710,20377002,0
285,1421407751,33999563,54,100,99,1944,20264002,0
285,1421407751,43999434,51,100,99,1729,20251001,0
285,1421407751,44999421,57,100,99,1463,20369002,0
286,1421407751,44999421,52,100,99,901,19344002,0
286,1421407751,44999421,58,100,101,1957,19380002,0
286,1421407751,44999421,8,100,101,948,19873001,0
286,1421407751,45999408,9,100,98,1535,20506002,2
286,1421407751,46999395,5,100,93,1535,19965001,0
287,1421407751,46999395,4,100,100,944,20136002,0
287,1421407751,46999395,7,100,99,1489,20212002,0
287,1421407751,46999395,6,100,96,1487,20633002,1
287,1421407751,46999395,1,100,94,1535,20738002,6
287,1421407751,46999395,2,100,99,1462,20097001,0
288,1421407751,46999395,10,100,98,1472,20842002,2
288,1421407751,46999395,3,100,99,1489,20861002,1
288,1421407751,46999395,50,100,101,1957,20273002,1
288,1421407751,52999318,56,100,99,897,20217002,0
288,1421407751,52999318,53,100,99,1463,20387002,0
289,1421407751,52999318,55,100,99,1729,18917002,0
289,1421407751,54999292,59,100,99,1710,11671002,0
289,1421407751,54999292,54,100,99,1944,20150002,0
289,1421407751,64999164,51,100,98,1710,20291002,0
289,1421407751,64999164,57,100,99,1463,20199002,0
290,1421407751,64999164,52,100,99,901,19816002,0
290,1421407751,64999164,58,100,101,1957,19606002,0
290,1421407751,64999164,5,100,94,1535,19816002,0
290,1421407751,66999138,8,100,100,942,20229001,0
290,1421407751,66999138,9,100,93,1481,20098002,0
291,1421407751,66999138,1,100,95,1535,20156002,0
291,1421407751,66999138,4,100,100,944,20307001,1
291,1421407751,66999138,6,100,97,1487,20449001,3
291,1421407751,66999138,7,100,99,1489,20003002,0
291,1421407751,66999138,2,100,99,1462,20419001,6
292,1421407751,67999125,10,100,99,1472,20103002,0
292,1421407751,67999125,3,100,99,1489,20111002,0
292,1421407751,67999125,50,100,101,1957,20297002,0
292,1421407751,72999061,56,100,99,897,20347002,0
292,1421407751,72999061,53,100,99,1463,20315002,0
293,1421407751,72999061,55,100,98,1710,18891002,0
293,1421407751,74999035,59,100,99,1710,20559002,1
293,1421407751,74999035,54,100,99,1944,20289002,0
293,1421407751,84998906,51,100,99,1710,20322002,1
293,1421407751,84998906,57,100,99,1463,20295002,0
294,1421407751,84998906,52,100,99,901,19811002,0
294,1421407751,84998906,58,100,101,1957,20385002,1
294,1421407751,84998906,5,100,95,1535,20607002,1
294,1421407751,86998880,8,100,100,942,20617002,1
294,1421407751,86998880,9,100,94,1481,20190002,0
295,1421407751,86998880,1,100,96,1535,20555002,3
295,1421407751,86998880,4,100,100,944,20832002,1
295,1421407751,86998880,6,100,98,1487,20832002,1
295,1421407751,87998868,7,100,98,1474,20076002,0
295,1421407751,87998868,10,100,99,1472,20196002,0
296,1421407751,87998868,3,100,99,1489,20515002,4
296,1421407751,87998868,2,100,99,1462,14314002,0
296,1421407751,87998868,56,100,99,897,20374002,2
296,1421407751,92998803,53,100,99,1463,20173002,0
296,1421407751,92998803,50,100,99,1944,20281002,0
297,1421407751,92998803,55,100,99,1710,18828002,0
297,1421407751,94998777,59,100,97,1682,11744002,0
297,1421407751,94998777,54,100,96,1910,20171002,0
297,1421407751,105998636,51,100,99,1710,20149002,0
297,1421407751,105998636,57,100,99,1463,20232002,0
298,1421407751,105998636,52,100,99,894,19869002,0
298,1421407751,105998636,58,100,99,1944,20224002,0
298,1421407751,105998636,1,100,97,1535,19984002,0
298,1421407751,106998623,8,100,100,942,19864002,0
298,1421407751,106998623,9,100,95,1481,19910002,0
299,1421407751,107998610,5,100,96,1535,19790002,0
299,1421407751,107998610,7,100,99,1474,19699002,0
299,1421407751,107998610,6,100,99,1487,19776002,0
299,1421407751,107998610,4,100,101,964,19890002,0
299,1421407751,107998610,10,100,99,1462,20334002,1
300,1421407751,107998610,2,100,99,1458,20266002,3
300,1421407751,107998610,3,100,99,1489,20439002,5
300,1421407751,107998610,56,100,99,897,20201002,0
300,1421407751,112998546,53,100,107,1553,20192002,0
300,1421407751,113998533,50,100,99,1944,18686002,0
301,1421407751,113998533,55,100,99,1710,18750002,0
301,1421407751,114998520,59,100,98,1682,20404002,1
301,1421407751,115998507,54,100,97,1910,20324002,0
301,1421407751,125998378,51,100,99,1710,20379002,0
301,1421407751,125998378,57,100,99,1463,20399002,0
302,1421407751,125998378,52,100,99,894,19938002,0
302,1421407751,125998378,58,100,99,1944,20244002,0
302,1421407751,125998378,1,100,98,1535,20109002,0
302,1421407751,127998353,5,100,97,1535,20138002,0
302,1421407751,127998353,8,100,100,944,19991002,0
303,1421407751,127998353,9,100,96,1481,20215002,0
303,1421407751,127998353,4,100,101,964,19987002,0
303,1421407751,127998353,6,100,98,1472,20295002,0
303,1421407751,127998353,10,100,99,1462,20127002,0
303,1421407751,127998353,7,100,99,1474,19933002,0
304,1421407751,127998353,3,100,98,1474,20118002,0
304,1421407751,127998353,2,100,99,1458,20141002,0
304,1421407751,127998353,53,100,106,1553,20159002,0
304,1421407751,133998275,56,100,99,901,19754002,0
304,1421407751,133998275,50,100,99,1944,20362002,1
305,1421407751,133998275,55,100,99,1710,18904002,0
305,1421407751,141998172,59,100,99,1682,20268002,0
305,1421407751,141998172,54,100,98,1910,20079002,0
305,1421407751,145998121,57,100,107,1553,19538002,0
305,1421407751,145998121,51,100,97,1682,20184002,0
306,1421407751,145998121,52,100,99,894,20057002,0
306,1421407751,145998121,58,100,99,1944,20192002,0
306,1421407751,145998121,5,100,98,1535,19888002,0
306,1421407751,147998095,8,100,100,944,20045002,0
306,1421407751,147998095,1,100,93,1481,19890002,0
307,1421407751,147998095,9,100,97,1481,20104002,0
307,1421407751,147998095,10,100,99,1462,20209002,0
307,1421407751,147998095,6,100,99,1472,20033002,0
307,1421407751,147998095,4,100,101,964,20117002,0
307,1421407751,147998095,7,100,99,1480,20103002,0
308,1421407751,147998095,2,100,99,1458,20444002,6
308,1421407751,148998082,3,100,99,1474,20538002,6
308,1421407751,148998082,53,100,105,1553,20354002,0
308,1421407751,153998018,56,100,99,901,20015002,0
308,1421407751,153998018,50,100,96,1910,18599002,0
309,1421407751,153998018,55,100,97,1682,18878002,0
309,1421407751,155997992,59,100,99,1673,11658002,0
309,1421407751,155997992,51,100,98,1682,20192002,0
309,1421407751,165997863,54,100,99,1910,20343002,0
309,1421407751,165997863,57,100,106,1553,20473002,3
310,1421407751,165997863,52,100,98,882,19272002,0
310,1421407751,166997850,58,100,96,1910,19388002,0
310,1421407751,166997850,8,100,100,944,19970002,0
310,1421407751,167997838,1,100,94,1481,20058002,0
310,1421407751,167997838,5,100,93,1481,20014002,0
311,1421407751,167997838,4,100,101,975,20008002,0
311,1421407751,167997838,10,100,99,1458,20209002,0
311,1421407751,167997838,6,100,99,1472,19960002,0
311,1421407751,167997838,9,100,98,1481,19880002,0
311,1421407751,168997825,2,100,99,1455,20242002,1
312,1421407751,168997825,3,100,99,1474,20044002,0
312,1421407751,168997825,7,100,99,1480,20193002,0
312,1421407751,168997825,56,100,99,901,20142002,0
312,1421407751,173997760,53,100,104,1553,20282002,0
312,1421407751,174997747,50,100,97,1910,20333002,1
313,1421407751,174997747,55,100,98,1682,18873002,0
313,1421407751,176997722,59,100,99,1673,11762002,0
313,1421407751,176997722,57,100,105,1553,20128002,0
313,1421407751,186997593,51,100,99,1682,20247002,0
313,1421407751,186997593,54,100,97,1885,20204002,0
314,1421407751,186997593,58,100,97,1910,19473002,0
314,1421407751,186997593,52,100,99,882,20355002,2
314,1421407751,186997593,5,100,94,1481,20052002,0
314,1421407751,187997580,8,100,100,944,20060002,0
314,1421407751,187997580,10,100,99,1458,20090002,0
315,1421407751,188997567,6,100,99,1462,20174002,0
315,1421407751,188997567,9,100,99,1481,20032002,0
315,1421407751,188997567,1,100,95,1481,19927002,0
315,1421407751,188997567,3,100,99,1480,20398002,9
315,1421407751,188997567,4,100,101,975,20165002,0
316,1421407751,188997567,2,100,99,1455,20295002,2
316,1421407751,188997567,7,100,99,1480,20475002,2
316,1421407751,188997567,56,100,99,894,20461002,2
316,1421407751,194997490,53,100,103,1553,20325002,0
316,1421407751,194997490,50,100,98,1910,20307002,2
317,1421407751,194997490,55,100,99,1682,18943002,0
317,1421407751,196997464,59,100,99,1673,12053002,0
317,1421407751,196997464,57,100,104,1553,19312002,0
317,1421407751,206997335,54,100,98,1885,20317002,0
317,1421407751,206997335,51,100,99,1673,20196002,0
318,1421407751,206997335,58,100,98,1910,20381002,2
318,1421407751,206997335,52,100,99,882,19445002,0
318,1421407751,206997335,6,100,99,1462,19954002,0
318,1421407751,206997335,8,100,101,964,19955002,0
318,1421407751,206997335,10,100,99,1458,20034002,0
319,1421407751,207997323,1,100,96,1481,20030002,0
319,1421407751,208997310,9,100,99,1481,20406002,6
319,1421407751,208997310,4,100,101,975,20165002,0
319,1421407751,208997310,3,100,99,1480,20130002,0
319,1421407751,208997310,2,100,99,1455,20416002,1
320,1421407751,208997310,7,100,101,1508,20185002,0
320,1421407751,208997310,5,100,95,1481,21217002,1
320,1421407751,208997310,53,100,102,1553,20252002,0
320,1421407751,214997232,56,100,99,894,20292002,0
320,1421407751,214997232,50,100,99,1910,20718002,0
321,1421407751,214997232,55,100,99,1673,18975002,0
321,1421407751,216997207,59,100,99,1673,20525002,1
321,1421407751,216997207,57,100,103,1553,20539002,3
321,1421407751,226997078,51,100,99,1673,20286002,0
321,1421407751,226997078,54,100,99,1885,20456002,0
322,1421407751,226997078,58,100,99,1910,20315002,0
322,1421407751,227997065,52,100,99,882,20350002,1
322,1421407751,227997065,8,100,101,964,20007002,0
322,1421407751,227997065,6,100,99,1462,20587002,2
322,1421407751,227997065,1,100,97,1481,20832002,2
323,1421407751,227997065,9,100,99,1481,20157002,0
323,1421407751,228997052,3,100,99,1480,20857002,2
323,1421407751,228997052,10,100,99,1455,20310002,0
323,1421407751,228997052,4,100,100,969,20937002,1
323,1421407751,228997052,5,100,96,1481,20940002,1
324,1421407751,229997039,2,100,99,1455,20603002,2
324,1421407751,229997039,7,100,101,1508,20390002,0
324,1421407751,229997039,56,100,99,894,19913000,0
324,1421407751,234996975,53,100,101,1553,20126000,0
324,1421407751,235996962,50,100,97,1885,18502000,0
325,1421407751,235996962,55,100,99,1673,18918000,0
325,1421407751,237996936,59,100,99,1673,11732000,0
325,1421407751,237996936,51,100,99,1673,20229000,0
325,1421407751,247996808,57,100,102,1553,20146000,0
325,1421407751,247996808,54,100,96,1848,19395000,0
326,1421407751,247996808,52,100,99,875,20197000,0
326,1421407751,247996808,58,100,97,1885,19254000,0
326,1421407751,247996808,9,100,99,1481,19795002,0
326,1421407751,247996808,6,100,99,1458,19888002,0
326,1421407751,247996808,8,100,101,964,19868002,0
327,1421407751,247996808,1,100,98,1481,20011002,0
327,1421407751,247996808,4,100,100,969,20134002,0
327,1421407751,248996795,3,100,101,1508,20133002,0
327,1421407751,248996795,5,100,97,1481,20052002,0
327,1421407751,248996795,10,100,99,1455,19859002,0
328,1421407751,249996782,2,100,98,1438,20064002,0
328,1421407751,249996782,7,100,101,1508,20203002,0
328,1421407751,249996782,53,100,101,1553,19858000,0
328,1421407751,255996705,56,100,98,882,20020000,0
328,1421407751,255996705,50,100,98,1885,20288000,1
329,1421407751,255996705,55,100,99,1673,18750000,0
329,1421407751,257996679,59,100,99,1673,11760000,0
329,1421407751,257996679,51,100,99,1673,20168000,0
329,1421407751,267996550,57,100,101,1553,20191000,0
329,1421407751,267996550,54,100,97,1848,19426000,0
330,1421407751,267996550,58,100,98,1885,20357000,2
330,1421407751,267996550,52,100,99,875,19404000,0
330,1421407751,267996550,6,100,99,1458,19914002,0
330,1421407751,268996537,1,100,99,1481,20097002,0
330,1421407751,268996537,8,100,101,975,20023002,0
331,1421407751,268996537,9,100,99,1481,20113002,0
331,1421407751,268996537,4,100,100,969,20367002,2
331,1421407751,269996524,3,100,101,1508,20141002,0
331,1421407751,269996524,10,100,99,1455,19917002,0
331,1421407751,269996524,5,100,98,1481,19968002,0
332,1421407751,269996524,2,100,99,1438,20464002,5
332,1421407751,269996524,7,100,101,1508,20169002,0
332,1421407751,269996524,53,100,101,1553,20454000,2
332,1421407751,275996447,56,100,99,882,20130000,0
332,1421407751,275996447,50,100,99,1885,18410000,0
333,1421407751,275996447,55,100,99,1673,18819000,0
333,1421407751,277996421,59,100,99,1673,11768000,0
333,1421407751,277996421,51,100,99,1673,20187000,0
333,1421407751,287996293,57,100,101,1553,20201000,0
333,1421407751,287996293,54,100,98,1848,20457000,3
334,1421407751,287996293,52,100,99,875,19478000,0
334,1421407751,287996293,58,100,99,1885,19313000,0
334,1421407751,288996280,1,100,99,1481,19804000,0
334,1421407751,288996280,9,100,99,1481,19978000,0
334,1421407751,288996280,8,100,101,975,19959000,0
335,1421407751,288996280,4,100,100,969,20150000,0
335,1421407751,288996280,3,100,101,1508,20236000,0
335,1421407751,289996267,2,100,99,1438,20107000,0
335,1421407751,289996267,10,100,99,1455,20140000,0
335,1421407751,289996267,7,100,99,1486,20258000,2
336,1421407751,289996267,6,100,99,1458,20077000,0
336,1421407751,289996267,5,100,99,1481,20204000,0
336,1421407751,290996254,56,100,99,882,20434000,2
336,1421407751,295996190,53,100,101,1553,20315000,0
336,1421407751,296996177,50,100,96,1848,20303000,3
337,1421407751,296996177,55,100,99,1673,18841000,0
337,1421407751,297996164,59,100,98,1657,11830000,0
337,1421407751,298996151,54,100,96,1821,20248000,0
337,1421407751,308996022,51,100,99,1673,20207000,0
337,1421407751,308996022,57,100,101,1553,19512000,0
338,1421407751,308996022,58,100,96,1848,20375000,2
338,1421407751,308996022,52,100,99,877,20364000,2
338,1421407751,308996022,9,100,99,1481,20018000,0
338,1421407751,308996022,1,100,99,1481,20121000,0
338,1421407751,308996022,4,100,100,969,20005000,0
339,1421407751,308996022,8,100,101,975,19938000,0
339,1421407751,308996022,6,100,99,1455,20019000,0
339,1421407751,308996022,3,100,101,1508,20035000,0
339,1421407751,308996022,5,100,99,1481,20163000,0
339,1421407751,309996009,10,100,98,1438,19982000,0
340,1421407751,309996009,2,100,98,1423,20276000,0
340,1421407751,309996009,7,100,99,1486,20057000,0
340,1421407751,309996009,56,100,99,882,20312000,0
340,1421407751,316995919,53,100,101,1553,20389000,0
340,1421407751,316995919,50,100,97,1848,20397000,0
341,1421407751,316995919,55,100,99,1673,19116000,0
341,1421407751,318995894,59,100,99,1657,12054000,0
341,1421407751,318995894,57,100,101,1553,20489000,2
341,1421407751,328995765,51,100,99,1673,20407000,0
341,1421407751,328995765,54,100,97,1821,20377000,0
342,1421407751,328995765,52,100,99,877,20372000,0
342,1421407751,328995765,58,100,97,1848,19393000,0
342,1421407751,328995765,9,100,93,1420,20028000,0
342,1421407751,329995752,8,100,100,969,19917000,0
342,1421407751,329995752,1,100,99,1481,20122000,0
343,1421407751,329995752,4,100,100,969,19990000,0
343,1421407751,329995752,6,100,99,1455,20122000,0
343,1421407751,329995752,3,100,99,1486,20028000,0
343,1421407751,329995752,5,100,99,1481,20150000,0
343,1421407751,329995752,10,100,99,1438,19994000,0
344,1421407751,329995752,2,100,99,1423,20280000,0
344,1421407751,329995752,7,100,99,1486,20405000,4
344,1421407751,330995739,50,100,98,1848,20154000,0
344,1421407751,336995662,56,100,99,875,20152000,0
344,1421407751,336995662,53,100,101,1553,19844000,0
345,1421407751,336995662,55,100,99,1673,18962000,0
345,1421407751,338995636,59,100,99,1657,20482000,1
345,1421407751,338995636,57,100,101,1553,20423000,1
345,1421407751,348995507,51,100,98,1657,20150000,0
345,1421407751,348995507,54,100,98,1821,20398000,2
346,1421407751,348995507,58,100,98,1848,20366000,1
346,1421407751,349995494,52,100,99,877,20338000,0
346,1421407751,349995494,9,100,94,1420,20617000,2
346,1421407751,349995494,1,100,99,1481,20199000,0
346,1421407751,349995494,6,100,99,1455,20789000,2
347,1421407751,349995494,3,100,99,1486,20095000,0
347,1421407751,349995494,2,100,99,1423,20877000,2
347,1421407751,349995494,10,100,99,1438,20896000,2
347,1421407751,349995494,4,100,100,969,20915000,2
347,1421407751,349995494,7,100,99,1478,20224000,0
348,1421407751,350995482,8,100,100,969,20616000,0
348,1421407751,350995482,5,100,99,1481,21058000,1
348,1421407751,350995482,50,100,96,1821,20155000,0
348,1421407751,356995404,53,100,101,1553,20155000,0
348,1421407751,356995404,56,100,99,875,20273000,0
349,1421407751,357995391,55,100,98,1657,18939000,0
349,1421407751,359995366,59,100,99,1656,20315000,0
349,1421407751,359995366,51,100,99,1657,20221000,0
349,1421407751,369995237,57,100,101,1553,20291000,0
349,1421407751,369995237,54,100,99,1821,20240000,0
350,1421407751,369995237,52,100,99,876,20340000,1
350,1421407751,369995237,58,100,96,1821,19550000,0
350,1421407751,369995237,3,100,99,1486,19784000,0
350,1421407751,369995237,10,100,98,1423,20164000,0
350,1421407751,369995237,1,100,99,1481,20026000,0
351,1421407751,369995237,4,100,101,987,20054000,0
351,1421407751,369995237,6,100,99,1455,20403000,0
351,1421407751,369995237,5,100,99,1481,20253000,0
351,1421407751,370995224,8,100,100,969,20220000,0
351,1421407751,370995224,7,100,99,1478,13591000,0
352,1421407751,370995224,9,100,95,1420,20420000,0
352,1421407751,370995224,2,100,97,1400,20291000,0
352,1421407751,371995211,50,100,97,1821,20301000,0
352,1421407751,377995134,56,100,99,875,20334000,0
352,1421407751,377995134,53,100,106,1614,18335000,0
353,1421407751,377995134,55,100,99,1657,18948000,0
353,1421407751,379995108,59,100,99,1656,11800000,0
353,1421407751,379995108,51,100,99,1657,20218000,0
353,1421407751,389994979,57,100,101,1553,20204000,0
353,1421407751,389994979,54,100,98,1807,20290000,0
354,1421407751,389994979,58,100,97,1821,20286000,2
354,1421407751,389994979,52,100,99,876,19269000,0
354,1421407751,389994979,3,100,99,1478,19984000,0
354,1421407751,389994979,10,100,99,1423,19847000,0
354,1421407751,389994979,1,100,99,1481,20155000,0
355,1421407751,390994967,6,100,98,1438,20089000,0
355,1421407751,390994967,4,100,101,987,20274000,0
355,1421407751,390994967,8,100,100,969,20363000,2
355,1421407751,390994967,7,100,99,1478,20328000,10
355,1421407751,391994954,5,100,99,1481,20306000,0
356,1421407751,391994954,2,100,98,1400,20589000,5
356,1421407751,391994954,9,100,96,1420,20161000,0
356,1421407751,391994954,56,100,99,877,20203000,0
356,1421407751,397994876,50,100,98,1821,20290000,0
356,1421407751,397994876,53,100,105,1614,18343000,0
357,1421407751,397994876,55,100,99,1657,18954000,0
357,1421407751,399994851,59,100,99,1656,11787000,0
357,1421407751,399994851,51,100,99,1656,20257000,0
357,1421407751,409994722,57,100,106,1614,20234000,0
357,1421407751,409994722,54,100,99,1807,19568000,0
358,1421407751,409994722,58,100,98,1821,20205000,0
358,1421407751,409994722,52,100,99,876,20304000,2
358,1421407751,410994709,3,100,99,1478,20059000,0
358,1421407751,410994709,10,100,99,1423,19951000,0
358,1421407751,410994709,1,100,93,1420,19965000,0
359,1421407751,410994709,4,100,101,987,20421000,2
359,1421407751,410994709,8,100,100,969,20005000,0
359,1421407751,410994709,2,100,99,1400,20277000,0
359,1421407751,410994709,5,100,99,1481,20501000,4
359,1421407751,410994709,7,100,100,1491,20186000,0
360,1421407751,411994696,6,100,99,1438,20278000,0
360,1421407751,411994696,9,100,97,1420,20154000,0
360,1421407751,411994696,50,100,99,1821,20142000,0
360,1421407751,417994619,56,100,99,877,20479000,2
360,1421407751,418994606,53,100,104,1614,20525000,1
361,1421407751,418994606,55,100,99,1656,18913000,0
361,1421407751,420994580,59,100,98,1642,11867000,0
361,1421407751,420994580,51,100,99,1656,20356000,0
361,1421407751,429994464,57,100,105,1614,20456000,0
361,1421407751,430994452,54,100,99,1807,20502000,3
362,1421407751,430994452,52,100,99,876,20248000,0
362,1421407751,430994452,58,100,99,1821,20321000,0
362,1421407751,430994452,1,100,94,1420,19878000,0
362,1421407751,430994452,4,100,101,992,20075000,0
362,1421407751,430994452,10,100,97,1400,20019000,0
363,1421407751,430994452,3,100,99,1478,20135000,0
363,1421407751,430994452,2,100,99,1400,20053000,0
363,1421407751,430994452,8,100,100,969,19959000,0
363,1421407751,430994452,7,100,100,1491,20096000,0
363,1421407751,430994452,5,100,93,1420,20104000,0
364,1421407751,431994439,6,100,99,1438,20132000,0
364,1421407751,431994439,9,100,98,1420,20115000,0
364,1421407751,431994439,56,100,99,877,20318000,0
364,1421407751,438994349,50,100,98,1807,20395000,0
364,1421407751,438994349,53,100,103,1614,18405000,0
365,1421407751,438994349,55,100,99,1656,19051000,0
365,1421407751,440994323,59,100,99,1642,11951000,0
365,1421407751,440994323,57,100,104,1614,20136000,0
365,1421407751,450994194,51,100,99,1656,20237000,0
365,1421407751,450994194,54,100,97,1780,20190000,0
366,1421407751,450994194,52,100,99,874,18949000,0
366,1421407751,450994194,58,100,98,1807,20244000,0
366,1421407751,450994194,3,100,100,1491,20035000,0
366,1421407751,450994194,1,100,95,1420,19997000,0
366,1421407751,450994194,4,100,101,992,20110000,0
367,1421407751,450994194,10,100,98,1400,19887000,0
367,1421407751,450994194,8,100,100,969,20059000,0
367,1421407751,451994181,2,100,97,1377,20270000,0
367,1421407751,451994181,5,100,94,1420,20110000,0
367,1421407751,451994181,7,100,100,1491,20192000,0
368,1421407751,451994181,6,100,98,1423,20164000,0
368,1421407751,451994181,9,100,99,1420,20138000,0
368,1421407751,451994181,50,100,99,1807,20263000,0
368,1421407751,458994091,56,100,99,876,20211000,0
368,1421407751,458994091,53,100,102,1614,18497000,0
369,1421407751,458994091,55,100,99,1656,18988000,0
369,1421407751,460994065,59,100,99,1642,12053000,0
369,1421407751,460994065,57,100,103,1614,20182000,0
369,1421407751,470993937,51,100,98,1642,20280000,0
369,1421407751,470993937,54,100,98,1780,20291000,0
370,1421407751,470993937,52,100,99,874,19011000,0
370,1421407751,470993937,58,100,99,1807,20153000,0
370,1421407751,470993937,4,100,101,992,20017000,0
370,1421407751,470993937,3,100,100,1491,19870000,0
370,1421407751,471993924,1,100,96,1420,20043000,0
371,1421407751,471993924,10,100,99,1400,20059000,0
371,1421407751,471993924,5,100,95,1420,20066000,0
371,1421407751,471993924,8,100,101,987,20262000,0
371,1421407751,471993924,6,100,99,1423,20279000,2
371,1421407751,471993924,7,100,100,1491,20047000,0
372,1421407751,471993924,9,100,99,1420,20223000,0
372,1421407751,471993924,2,100,98,1377,20138000,0
372,1421407751,471993924,50,100,99,1807,20227000,0
372,1421407751,478993834,56,100,99,876,20370000,2
372,1421407751,478993834,53,100,101,1614,20284000,1
373,1421407751,478993834,55,100,98,1642,18982000,0
373,1421407751,481993795,59,100,99,1642,12108000,0
373,1421407751,481993795,57,100,102,1614,19734000,0
373,1421407751,490993679,51,100,99,1642,20274000,0
373,1421407751,490993679,54,100,99,1780,20218000,0
374,1421407751,491993666,58,100,99,1807,20081000,0
374,1421407751,491993666,52,100,99,874,18986000,0
374,1421407751,491993666,4,100,101,992,20001000,0
374,1421407751,491993666,5,100,96,1420,20081000,0
374,1421407751,491993666,1,100,97,1420,20049000,0
375,1421407751,491993666,8,100,101,987,20270000,0
375,1421407751,491993666,2,100,99,1377,20183000,0
375,1421407751,491993666,3,100,100,1491,19893000,0
375,1421407751,491993666,7,100,99,1471,20124000,0
375,1421407751,492993653,9,100,99,1420,13266000,0
376,1421407751,492993653,6,100,99,1423,20197000,0
376,1421407751,492993653,10,100,99,1400,20357000,0
376,1421407751,492993653,56,100,99,876,18191000,0
376,1421407751,499993563,53,100,101,1614,20153000,0
376,1421407751,499993563,50,100,97,1780,20217000,0
377,1421407751,499993563,55,100,99,1642,18954000,0
377,1421407751,501993537,59,100,99,1633,12117000,0
377,1421407751,501993537,57,100,101,1614,20417000,3
377,1421407751,511993409,51,100,99,1642,20361000,0
377,1421407751,511993409,54,100,98,1765,20273000,0
378,1421407751,511993409,58,100,97,1780,20029000,0
378,1421407751,511993409,52,100,100,886,20294000,2
378,1421407751,511993409,1,100,98,1420,19931000,0
378,1421407751,511993409,8,100,101,987,20088000,0
378,1421407751,511993409,5,100,97,1420,19908000,0
379,1421407751,511993409,2,100,98,1363,20040000,0
379,1421407751,511993409,7,100,99,1471,20153000,0
379,1421407751,511993409,4,100,101,996,20129000,0
379,1421407751,511993409,3,100,100,1491,20129000,0
379,1421407751,512993396,10,100,97,1377,20173000,0
380,1421407751,512993396,6,100,97,1400,20275000,0
380,1421407751,512993396,9,100,99,1420,20328000,10
380,1421407751,512993396,53,100,101,1614,20520000,2
380,1421407751,519993306,50,100,98,1780,20374000,0
380,1421407751,519993306,56,100,99,876,18291000,0
381,1421407751,519993306,55,100,99,1642,18922000,0
381,1421407751,521993280,59,100,99,1633,12072000,0
381,1421407751,521993280,51,100,99,1642,20285000,1
381,1421407751,531993151,57,100,101,1614,20184000,0
381,1421407751,531993151,54,100,99,1765,20006000,0
382,1421407751,531993151,58,100,98,1780,18770000,0
382,1421407751,531993151,52,100,100,886,20105000,0
382,1421407751,531993151,2,100,99,1363,20066000,0
382,1421407751,532993138,8,100,101,992,20092000,0
382,1421407751,532993138,5,100,98,1420,19969000,0
383,1421407751,532993138,7,100,99,1471,20119000,0
383,1421407751,532993138,4,100,101,996,20007000,0
383,1421407751,532993138,3,100,99,1471,20058000,0
383,1421407751,532993138,10,100,98,1377,20141000,0
383,1421407751,532993138,1,100,99,1420,20045000,0
384,1421407751,532993138,6,100,98,1400,20410000,9
384,1421407751,532993138,9,100,99,1420,20160000,0
384,1421407751,532993138,53,100,101,1614,20185000,0
384,1421407751,539993048,50,100,99,1780,20241000,0
384,1421407751,539993048,56,100,99,874,20479000,3
385,1421407751,539993048,55,100,99,1642,18942000,0
385,1421407751,542993010,59,100,99,1633,12006000,0
385,1421407751,542993010,51,100,99,1633,20078000,0
385,1421407751,551992894,57,100,101,1614,20094000,0
385,1421407751,551992894,54,100,99,1765,20379000,3
386,1421407751,551992894,52,100,100,886,20391000,3
386,1421407751,551992894,58,100,99,1780,20280000,1
386,1421407751,552992881,5,100,99,1420,19886000,0
386,1421407751,552992881,8,100,101,992,20106000,0
386,1421407751,552992881,7,100,99,1476,20036000,0
387,1421407751,552992881,2,100,99,1363,19980000,0
387,1421407751,552992881,6,100,99,1400,20140000,0
387,1421407751,552992881,1,100,99,1420,20017000,0
387,1421407751,552992881,3,100,99,1471,20276000,0
387,1421407751,552992881,10,100,99,1377,20066000,0
388,1421407751,552992881,4,100,101,996,20252000,0
388,1421407751,553992868,9,100,99,1420,20206000,0
388,1421407751,553992868,50,100,98,1765,20221000,0
388,1421407751,560992778,56,100,99,874,20228000,0
388,1421407751,560992778,53,100,101,1614,20323001,0
389,1421407751,560992778,55,100,99,1633,18959000,0
389,1421407751,562992752,59,100,98,1621,12138000,0
389,1421407751,562992752,58,100,98,1765,20312000,4
389,1421407751,572992623,52,100,100,889,20079000,0
389,1421407751,572992623,54,100,99,1765,20121001,0
390,1421407751,572992623,51,100,99,1633,20199000,0
390,1421407751,572992623,57,100,101,1614,20233000,0
390,1421407751,572992623,8,100,101,992,20215000,0
390,1421407751,572992623,5,100,99,1420,20081000,0
390,1421407751,572992623,2,100,99,1357,19985000,0
391,1421407751,572992623,7,100,99,1476,20125000,0
391,1421407751,572992623,6,100,99,1400,20285000,0
391,1421407751,573992611,3,100,99,1471,20361000,0
391,1421407751,573992611,10,100,98,1363,20220000,0
391,1421407751,573992611,1,100,99,1420,20182000,0
392,1421407751,573992611,4,100,101,1015,20596000,7
392,1421407751,573992611,9,100,99,1420,20363000,0
392,1421407751,573992611,53,100,101,1614,20208000,0
392,1421407751,580992520,50,100,99,1765,20265001,0
392,1421407751,580992520,56,100,99,874,20332001,0
393,1421407751,580992520,55,100,99,1633,18799000,0
393,1421407751,582992495,59,100,99,1621,11985000,0
393,1421407751,582992495,51,100,99,1633,20113000,0
393,1421407751,592992366,58,100,99,1765,20097001,0
393,1421407751,592992366,52,100,100,889,20130001,0
394,1421407751,592992366,54,100,99,1763,20164001,0
394,1421407751,592992366,57,100,101,1614,20206001,0
394,1421407751,592992366,8,100,101,992,19938000,0
394,1421407751,592992366,5,100,99,1420,19982000,0
394,1421407751,592992366,2,100,99,1357,19830000,0
395,1421407751,592992366,7,100,99,1476,19823000,0
395,1421407751,592992366,10,100,99,1363,19876000,0
395,1421407751,593992353,4,100,101,1015,20060000,0
395,1421407751,594992340,3,100,99,1476,20037000,0
395,1421407751,594992340,1,100,99,1420,20102000,0
396,1421407751,594992340,9,100,99,1420,20237000,0
396,1421407751,594992340,6,100,97,1377,20322000,0
396,1421407751,594992340,56,100,100,886,20274000,0
396,1421407751,600992263,53,100,101,1614,20256000,0
396,1421407751,600992263,50,100,99,1765,20157000,0
397,1421407751,601992250,55,100,99,1633,19041000,0
397,1421407751,602992237,59,100,99,1621,20353001,1
397,1421407751,603992224,58,100,99,1765,20257001,0
