Simulation time,DDS time seconds,DDS time nanoseconds,Turbine Id,Setpoint,Current production,Max production,MS since last write,Cache count
0,1417521261,458994091,15,40,39,1045,45162002,0
0,1417521261,534993113,25,40,39,1172,45263002,0
0,1417521261,534993113,21,40,39,1172,43646002,0
1,1417521261,534993113,6,40,39,1189,44394002,0
1,1417521261,534993113,12,40,39,1543,44749002,0
1,1417521261,534993113,7,40,40,1051,44507002,0
1,1417521261,534993113,52,40,39,1182,44239002,0
1,1417521261,535993100,73,40,41,696,44602002,0
2,1417521261,535993100,16,40,39,1539,44849002,0
2,1417521261,535993100,60,40,39,1200,44030002,0
2,1417521261,535993100,4,40,39,1543,44051002,0
2,1417521261,535993100,51,40,39,966,44637002,0
2,1417521261,535993100,70,40,38,1179,44791002,0
3,1417521261,535993100,14,40,37,1202,46199002,1
3,1417521261,535993100,55,40,39,966,44274002,0
3,1417521261,535993100,56,40,39,1220,44160002,0
3,1417521261,535993100,53,40,45,772,45736002,17
3,1417521261,536993087,61,40,41,696,44553002,0
4,1417521261,536993087,71,40,39,966,46965002,2
4,1417521261,536993087,69,40,42,696,46577002,0
4,1417521261,536993087,9,40,39,1172,44867002,0
4,1417521261,536993087,2,40,39,1189,44953002,0
4,1417521261,536993087,24,40,39,1543,44496002,0
5,1417521261,536993087,3,40,40,1051,45066002,0
5,1417521261,536993087,5,40,39,1172,43880002,0
5,1417521261,536993087,8,40,40,1553,45090002,0
5,1417521261,536993087,54,40,38,1192,45761002,1
5,1417521261,536993087,13,40,39,1172,45468002,6
6,1417521261,537993074,67,40,39,966,45244002,0
6,1417521261,537993074,64,40,39,1220,45803002,8
6,1417521261,537993074,20,40,39,1543,44800002,0
6,1417521261,540993035,17,40,39,1172,44800002,0
6,1417521261,540993035,1,40,39,1172,45191002,0
7,1417521261,540993035,10,40,39,1189,44904002,0
7,1417521261,540993035,72,40,39,1220,44431002,0
7,1417521261,540993035,58,40,39,1169,44717002,0
7,1417521261,540993035,19,40,38,1045,45124002,0
7,1417521261,540993035,65,40,41,696,44791002,0
8,1417521261,540993035,59,40,39,966,44704002,0
8,1417521261,540993035,66,40,39,1179,45288002,2
8,1417521261,540993035,50,40,38,1192,44479002,0
8,1417521261,540993035,57,40,42,696,44654002,0
8,1417521261,540993035,63,40,38,955,45222002,0
9,1417521261,541993023,18,40,38,1202,45163002,0
9,1417521261,545992971,22,40,37,1202,45231002,0
9,1417521261,546992958,23,40,39,1045,45244002,0
9,1417521261,546992958,11,40,39,1062,45141002,0
9,1417521261,546992958,62,40,39,1162,44898002,0
10,1417521261,546992958,74,40,38,1192,44804002,0
10,1417521261,546992958,68,40,39,1225,44964002,0
10,1417521261,546992958,25,40,39,1172,44166002,0
10,1417521261,573992611,7,40,40,1051,44025002,0
10,1417521261,573992611,12,40,39,1543,43625002,0
11,1417521261,573992611,21,40,39,1172,45212002,0
11,1417521261,573992611,51,40,39,966,45907002,3
11,1417521261,574992598,60,40,38,1182,45210002,0
11,1417521261,574992598,4,40,39,1543,45835002,3
11,1417521261,574992598,16,40,40,1553,44842002,0
12,1417521261,574992598,73,40,41,696,45956002,3
12,1417521261,574992598,70,40,39,1179,45986002,3
12,1417521261,574992598,15,40,39,1045,45583002,0
12,1417521261,574992598,55,40,39,966,46108002,3
12,1417521261,574992598,14,40,38,1202,46173002,2
13,1417521261,574992598,6,40,38,1176,45665002,0
13,1417521261,575992585,52,40,39,1182,46046002,3
13,1417521261,575992585,56,40,39,1220,45434002,0
13,1417521261,575992585,61,40,41,696,45843002,2
13,1417521261,575992585,71,40,38,955,44803002,0
14,1417521261,575992585,53,40,44,772,45547002,0
14,1417521261,575992585,69,40,41,696,45330002,1
14,1417521261,575992585,24,40,39,1543,45381002,0
14,1417521261,577992559,3,40,40,1051,45223002,0
14,1417521261,578992546,2,40,39,1189,44924002,0
15,1417521261,578992546,9,40,39,1172,45303002,0
15,1417521261,578992546,5,40,39,1172,44904002,0
15,1417521261,578992546,8,40,40,1553,44881002,0
15,1417521261,578992546,54,40,39,1192,45584002,1
15,1417521261,578992546,13,40,39,1172,45166002,0
16,1417521261,578992546,67,40,39,966,45623002,4
16,1417521261,578992546,64,40,39,1217,45863002,1
16,1417521261,578992546,1,40,39,1172,45067002,0
16,1417521261,585992456,20,40,39,1539,45202002,0
16,1417521261,585992456,17,40,39,1172,44377002,0
17,1417521261,585992456,10,40,39,1189,45127002,0
17,1417521261,585992456,72,40,39,1220,45447002,0
17,1417521261,585992456,58,40,39,1162,45227002,0
17,1417521261,585992456,59,40,39,966,44558002,0
17,1417521261,585992456,19,40,39,1045,45490002,0
18,1417521261,586992443,66,40,39,1179,44875002,0
18,1417521261,586992443,65,40,41,696,44622002,0
18,1417521261,586992443,63,40,39,955,46178002,5
18,1417521261,586992443,50,40,39,1192,45165002,0
18,1417521261,586992443,57,40,41,696,46098002,0
19,1417521261,586992443,18,40,39,1202,45091002,0
19,1417521261,591992379,23,40,39,1038,45236002,0
19,1417521261,591992379,22,40,38,1202,45228002,0
19,1417521261,591992379,11,40,38,1045,45332002,0
19,1417521261,591992379,62,40,40,1177,45728002,4
20,1417521261,591992379,74,40,39,1192,45019002,0
20,1417521261,591992379,68,40,39,1225,45989002,6
20,1417521261,592992366,21,40,39,1172,44878002,0
20,1417521261,618992031,7,40,40,1051,44652002,0
20,1417521261,619992018,25,40,39,1172,45111002,0
21,1417521261,619992018,16,40,40,1553,45392002,0
21,1417521261,619992018,4,40,39,1543,44259002,0
21,1417521261,619992018,51,40,38,955,44726002,0
21,1417521261,619992018,73,40,41,696,44387002,0
21,1417521261,619992018,6,40,39,1176,45947002,14
22,1417521261,619992018,15,40,39,1038,46051002,6
22,1417521261,619992018,60,40,39,1182,44280002,0
22,1417521261,620992005,70,40,39,1179,45414002,0
22,1417521261,620992005,14,40,39,1202,45069002,0
22,1417521261,620992005,12,40,39,1539,44062002,0
23,1417521261,620992005,55,40,38,955,45430002,0
23,1417521261,620992005,52,40,39,1182,45667002,0
23,1417521261,620992005,71,40,39,955,45135002,0
23,1417521261,620992005,56,40,39,1217,45414002,0
23,1417521261,620992005,61,40,41,696,45992002,16
24,1417521261,620992005,53,40,43,772,44889002,0
24,1417521261,620992005,69,40,41,696,45048000,0
24,1417521261,621991993,3,40,40,1051,45017002,0
24,1417521261,623991967,2,40,38,1176,44589002,0
24,1417521261,623991967,24,40,39,1539,44919002,0
25,1417521261,623991967,9,40,39,1172,44762002,0
25,1417521261,623991967,8,40,40,1553,44570002,0
25,1417521261,623991967,5,40,39,1172,45642002,6
25,1417521261,623991967,54,40,38,1179,45107000,0
25,1417521261,623991967,13,40,39,1172,45294002,0
26,1417521261,624991954,67,40,38,955,44830000,0
26,1417521261,624991954,64,40,39,1217,45128000,0
26,1417521261,624991954,1,40,39,1172,45525002,0
26,1417521261,630991877,17,40,39,1172,44471002,0
26,1417521261,631991864,20,40,39,1539,44573002,0
27,1417521261,631991864,10,40,38,1176,44930002,0
27,1417521261,631991864,72,40,39,1220,44351000,0
27,1417521261,631991864,59,40,38,955,44952000,0
27,1417521261,631991864,58,40,39,1162,45384000,0
27,1417521261,631991864,19,40,39,1045,45726002,4
28,1417521261,631991864,63,40,39,955,45187000,0
28,1417521261,631991864,65,40,41,696,44856000,0
28,1417521261,631991864,66,40,39,1169,45164000,0
28,1417521261,632991851,50,40,38,1179,45210000,0
28,1417521261,632991851,57,40,41,696,46784000,1
29,1417521261,632991851,11,40,39,1045,45264002,0
29,1417521261,636991799,18,40,39,1202,44947002,0
29,1417521261,636991799,23,40,39,1038,45424002,0
29,1417521261,637991787,22,40,39,1202,45323002,0
29,1417521261,637991787,74,40,38,1179,44744000,0
30,1417521261,637991787,62,40,40,1177,45070000,0
30,1417521261,637991787,68,40,39,1220,45494000,0
30,1417521261,637991787,21,40,39,1172,43777000,0
30,1417521261,664991439,7,40,40,1051,45488000,0
30,1417521261,664991439,16,40,40,1553,44466000,0
31,1417521261,664991439,15,40,39,1038,44497000,0
31,1417521261,665991426,6,40,39,1176,44992000,0
31,1417521261,665991426,51,40,39,955,45516000,0
31,1417521261,665991426,60,40,39,1182,43815000,0
31,1417521261,665991426,70,40,39,1179,45213000,0
32,1417521261,665991426,4,40,39,1539,43540000,0
32,1417521261,665991426,73,40,41,696,45548000,0
32,1417521261,665991426,12,40,39,1539,43563000,0
32,1417521261,665991426,52,40,38,1166,44727000,0
32,1417521261,666991413,25,40,39,1172,45535000,0
33,1417521261,666991413,71,40,39,955,45173000,0
33,1417521261,666991413,55,40,39,955,45412000,0
33,1417521261,666991413,56,40,39,1217,44045000,0
33,1417521261,666991413,14,40,39,1202,46529000,11
33,1417521261,666991413,61,40,41,696,44373000,0
34,1417521261,666991413,69,40,41,696,45187000,0
34,1417521261,666991413,53,40,42,772,46015000,18
34,1417521261,667991400,3,40,40,1058,44858000,0
34,1417521261,668991387,9,40,39,1172,44920000,0
34,1417521261,668991387,24,40,39,1539,44935000,0
35,1417521261,669991375,2,40,39,1176,44954000,0
35,1417521261,669991375,8,40,41,1579,44339000,0
35,1417521261,669991375,5,40,39,1172,44723000,0
35,1417521261,669991375,54,40,39,1179,45101000,0
35,1417521261,669991375,13,40,39,1172,45307000,0
36,1417521261,669991375,64,40,39,1217,45348000,5
36,1417521261,669991375,67,40,39,955,44948000,0
36,1417521261,669991375,17,40,39,1172,45315000,0
36,1417521261,676991284,1,40,39,1172,44679000,0
36,1417521261,676991284,10,40,39,1176,45452000,0
37,1417521261,676991284,20,40,39,1539,44887000,0
37,1417521261,676991284,72,40,39,1217,44484000,0
37,1417521261,676991284,58,40,39,1162,45432000,0
37,1417521261,676991284,59,40,39,955,44280000,0
37,1417521261,676991284,19,40,39,1038,45268000,0
38,1417521261,676991284,63,40,40,966,45386000,0
38,1417521261,677991272,65,40,41,696,45122000,0
38,1417521261,677991272,66,40,39,1169,45722000,11
38,1417521261,677991272,57,40,41,696,44749000,0
38,1417521261,677991272,50,40,39,1179,44635000,0
39,1417521261,677991272,18,40,38,1189,44593000,0
39,1417521261,682991207,23,40,39,1038,45270000,0
39,1417521261,682991207,22,40,39,1202,44417000,0
39,1417521261,682991207,11,40,39,1045,45046000,0
39,1417521261,682991207,74,40,39,1179,44996000,0
40,1417521261,682991207,62,40,40,1177,45248000,0
40,1417521261,682991207,68,40,39,1220,45308000,0
40,1417521261,682991207,7,40,40,1058,44806000,0
40,1417521261,710990847,15,40,39,1038,43973000,0
40,1417521261,710990847,6,40,39,1175,45106000,0
41,1417521261,710990847,12,40,39,1539,45696000,3
41,1417521261,710990847,4,40,39,1539,45550000,0
41,1417521261,710990847,21,40,39,1172,44269000,0
41,1417521261,710990847,51,40,39,955,44786000,0
41,1417521261,710990847,73,40,41,696,45204000,0
42,1417521261,710990847,25,40,39,1172,44925000,0
42,1417521261,711990834,71,40,40,966,44342000,0
42,1417521261,711990834,16,40,41,1579,44955000,0
42,1417521261,711990834,60,40,39,1182,44967000,0
42,1417521261,711990834,14,40,38,1189,46759000,1
43,1417521261,711990834,55,40,39,955,44396000,0
43,1417521261,711990834,69,40,41,696,45552000,19
43,1417521261,711990834,56,40,39,1217,45119000,0
43,1417521261,711990834,61,40,41,696,45994000,1
43,1417521261,711990834,53,40,47,833,40801000,0
44,1417521261,711990834,70,40,39,1169,45543000,0
44,1417521261,712990821,52,40,39,1166,44419000,0
44,1417521261,712990821,3,40,40,1058,45047000,0
44,1417521261,714990795,24,40,39,1539,45140000,0
44,1417521261,714990795,9,40,39,1172,44718000,0
45,1417521261,714990795,2,40,39,1176,45223000,0
45,1417521261,714990795,8,40,41,1579,44707000,0
45,1417521261,715990782,5,40,39,1172,45186000,0
45,1417521261,715990782,54,40,39,1179,45535000,0
45,1417521261,715990782,13,40,39,1172,45724000,6
46,1417521261,715990782,64,40,38,1200,44903000,0
46,1417521261,715990782,67,40,39,955,44956000,0
46,1417521261,715990782,1,40,39,1172,44584000,0
46,1417521261,721990705,17,40,39,1172,45333000,0
46,1417521261,721990705,20,40,39,1539,44472000,0
47,1417521261,721990705,10,40,39,1176,45093000,0
47,1417521261,722990692,58,40,40,1177,44685000,0
47,1417521261,722990692,59,40,39,955,44276000,0
47,1417521261,722990692,63,40,40,966,44612000,0
47,1417521261,722990692,19,40,39,1038,45711000,4
48,1417521261,722990692,57,40,41,696,44850000,0
48,1417521261,722990692,66,40,39,1169,45159000,0
48,1417521261,722990692,65,40,41,696,45842000,10
48,1417521261,722990692,72,40,39,1217,45424000,0
48,1417521261,722990692,50,40,39,1179,45781000,11
49,1417521261,722990692,22,40,38,1189,45270000,0
49,1417521261,727990628,11,40,39,1038,45392000,0
49,1417521261,727990628,23,40,40,1051,45437000,0
49,1417521261,727990628,18,40,39,1189,45339000,0
49,1417521261,727990628,74,40,39,1179,45111000,0
50,1417521261,728990615,62,40,40,1177,45852000,5
50,1417521261,728990615,68,40,39,1220,45914000,6
50,1417521261,728990615,6,40,39,1175,44930000,0
50,1417521261,755990267,21,40,39,1172,44243000,0
50,1417521261,755990267,7,40,40,1058,45230000,0
51,1417521261,755990267,12,40,39,1539,44893000,0
51,1417521261,756990254,25,40,39,1172,44192000,0
51,1417521261,756990254,4,40,39,1539,45243000,0
51,1417521261,756990254,51,40,40,966,45456000,0
51,1417521261,756990254,60,40,38,1166,44712000,0
52,1417521261,756990254,16,40,41,1579,44823000,0
52,1417521261,756990254,15,40,40,1051,44514000,0
52,1417521261,756990254,14,40,39,1189,46390000,3
52,1417521261,756990254,73,40,41,696,44164000,0
52,1417521261,756990254,71,40,40,966,44298000,0
53,1417521261,756990254,55,40,40,966,45138000,0
53,1417521261,757990242,69,40,41,696,45069000,0
53,1417521261,757990242,61,40,41,696,45764000,2
53,1417521261,757990242,70,40,39,1169,45466000,0
53,1417521261,757990242,56,40,38,1200,44919000,0
54,1417521261,757990242,53,40,46,833,45721000,4
54,1417521261,757990242,52,40,39,1166,46387000,0
54,1417521261,757990242,9,40,39,1172,44810000,0
54,1417521261,759990216,24,40,39,1539,45420000,0
54,1417521261,759990216,2,40,39,1175,45167000,0
55,1417521261,759990216,3,40,40,1058,44556000,0
55,1417521261,759990216,5,40,39,1172,45214000,0
55,1417521261,760990203,8,40,41,1579,45125000,0
55,1417521261,760990203,54,40,39,1179,45049000,0
55,1417521261,760990203,64,40,39,1200,45032000,0
56,1417521261,760990203,13,40,39,1172,45039000,0
56,1417521261,760990203,67,40,40,966,45137000,0
56,1417521261,760990203,17,40,39,1172,45304000,0
56,1417521261,767990113,20,40,40,1553,45246000,0
56,1417521261,767990113,10,40,39,1175,44431000,0
57,1417521261,767990113,1,40,39,1172,44809000,0
57,1417521261,767990113,58,40,40,1177,44802000,0
57,1417521261,767990113,63,40,40,966,44279000,0
57,1417521261,767990113,59,40,40,966,44728000,0
57,1417521261,768990100,19,40,39,1038,45416000,0
58,1417521261,768990100,57,40,41,696,44723000,0
58,1417521261,768990100,66,40,39,1162,45204000,0
58,1417521261,768990100,65,40,47,772,45160000,0
58,1417521261,768990100,72,40,39,1217,45009000,0
58,1417521261,768990100,50,40,39,1179,44634000,0
59,1417521261,768990100,23,40,40,1051,45168000,0
59,1417521261,773990036,18,40,39,1189,44994000,0
59,1417521261,773990036,11,40,39,1038,44631000,0
59,1417521261,773990036,22,40,39,1189,45108000,0
59,1417521261,773990036,74,40,39,1179,44982000,0
60,1417521261,773990036,62,40,40,1177,45040000,0
60,1417521261,773990036,68,40,39,1220,45185000,0
60,1417521261,773990036,25,40,39,1172,44934000,0
60,1417521261,801989675,7,40,40,1058,44384000,0
60,1417521261,801989675,6,40,39,1175,45322000,0
61,1417521261,801989675,21,40,39,1172,44597000,0
61,1417521261,801989675,15,40,40,1051,44401000,0
61,1417521261,801989675,14,40,39,1189,45332000,0
61,1417521261,801989675,12,40,40,1553,45291000,0
61,1417521261,801989675,16,40,41,1579,44575000,0
62,1417521261,802989662,4,40,39,1539,44642000,0
62,1417521261,802989662,51,40,40,966,44491000,0
62,1417521261,802989662,73,40,41,696,44019000,0
62,1417521261,802989662,71,40,40,966,44070000,0
62,1417521261,802989662,60,40,39,1166,45902000,0
63,1417521261,802989662,55,40,40,966,45434000,0
63,1417521261,802989662,69,40,41,696,45540000,0
63,1417521261,802989662,61,40,47,772,46054000,1
63,1417521261,802989662,70,40,39,1169,44925000,0
63,1417521261,802989662,56,40,39,1200,46385000,17
64,1417521261,803989649,53,40,45,833,46537000,1
64,1417521261,803989649,52,40,39,1158,45629000,0
64,1417521261,803989649,3,40,40,1061,44950000,0
64,1417521261,805989624,9,40,39,1172,44967000,0
64,1417521261,805989624,24,40,40,1553,45034000,0
65,1417521261,805989624,2,40,39,1175,44564000,0
65,1417521261,805989624,8,40,40,1573,44892000,0
65,1417521261,805989624,64,40,39,1200,44865000,0
65,1417521261,805989624,54,40,39,1169,45213000,0
65,1417521261,805989624,5,40,39,1172,45237000,0
66,1417521261,805989624,13,40,39,1172,44908000,0
66,1417521261,805989624,67,40,40,966,45398000,0
66,1417521261,805989624,1,40,39,1172,44776000,0
66,1417521261,812989534,10,40,39,1175,44590000,0
66,1417521261,812989534,20,40,40,1553,44004000,0
67,1417521261,812989534,17,40,39,1172,45405000,0
67,1417521261,813989521,63,40,39,963,45059000,0
67,1417521261,813989521,58,40,40,1177,44740000,0
67,1417521261,813989521,19,40,40,1051,45511000,1
67,1417521261,813989521,57,40,41,696,44534000,0
68,1417521261,813989521,65,40,46,772,44589000,0
68,1417521261,813989521,66,40,39,1162,44891000,0
68,1417521261,813989521,59,40,40,966,45257000,0
68,1417521261,813989521,50,40,39,1169,45659000,7
68,1417521261,813989521,72,40,38,1200,45314000,0
69,1417521261,814989508,18,40,38,1176,45423000,0
69,1417521261,818989456,23,40,40,1051,45446000,0
69,1417521261,818989456,22,40,39,1189,45359000,0
69,1417521261,818989456,11,40,39,1038,45192000,0
69,1417521261,818989456,74,40,39,1169,44921000,0
70,1417521261,819989443,62,40,40,1177,45100000,0
70,1417521261,819989443,68,40,39,1217,45142000,0
70,1417521261,819989443,7,40,40,1061,44984000,0
70,1417521261,846989096,6,40,39,1175,44617000,0
70,1417521261,846989096,21,40,39,1172,44693000,0
71,1417521261,847989083,12,40,40,1553,45311000,0
71,1417521261,847989083,4,40,40,1553,44690000,0
71,1417521261,847989083,25,40,39,1172,45196000,0
71,1417521261,847989083,73,40,41,696,43714000,0
71,1417521261,847989083,16,40,40,1573,44787000,0
72,1417521261,847989083,51,40,40,966,43993000,0
72,1417521261,847989083,14,40,38,1176,45370000,0
72,1417521261,847989083,15,40,40,1051,45403000,0
72,1417521261,847989083,71,40,39,963,43750000,0
72,1417521261,847989083,60,40,39,1166,43817000,0
73,1417521261,847989083,55,40,40,966,44278000,0
73,1417521261,848989070,69,40,41,696,44655000,0
73,1417521261,848989070,61,40,46,772,45953000,15
73,1417521261,848989070,70,40,39,1162,45564000,16
73,1417521261,848989070,56,40,39,1200,45084000,0
74,1417521261,848989070,53,40,44,833,45257000,0
74,1417521261,848989070,52,40,39,1158,45580000,2
74,1417521261,848989070,3,40,40,1061,45174000,0
74,1417521261,850989044,2,40,39,1175,45053000,0
74,1417521261,850989044,9,40,31,1087,44601000,0
75,1417521261,850989044,8,40,40,1573,44776000,0
75,1417521261,850989044,5,40,39,1172,44992000,0
75,1417521261,851989031,64,40,38,1182,44917000,0
75,1417521261,851989031,13,40,39,1172,45343000,0
75,1417521261,851989031,54,40,39,1169,44710000,0
76,1417521261,851989031,24,40,40,1553,45641000,0
76,1417521261,851989031,67,40,40,966,45181000,0
76,1417521261,851989031,1,40,39,1172,44565000,0
76,1417521261,858988941,20,40,40,1553,45091000,0
76,1417521261,858988941,17,40,39,1172,44472000,0
77,1417521261,858988941,10,40,39,1175,44492000,0
77,1417521261,858988941,63,40,39,963,44678000,0
77,1417521261,858988941,58,40,40,1177,44356000,0
77,1417521261,858988941,65,40,45,772,44549000,0
77,1417521261,858988941,19,40,40,1051,45727000,4
78,1417521261,858988941,57,40,41,696,45164000,0
78,1417521261,858988941,66,40,39,1162,45074000,0
78,1417521261,858988941,59,40,40,966,45638000,1
78,1417521261,859988928,50,40,39,1169,45379000,0
78,1417521261,859988928,72,40,39,1200,45348000,0
79,1417521261,859988928,23,40,40,1051,45201000,0
79,1417521261,864988864,18,40,39,1176,45261000,0
79,1417521261,864988864,11,40,40,1051,45383000,0
79,1417521261,864988864,22,40,38,1176,45445000,0
79,1417521261,864988864,74,40,39,1169,44934000,0
80,1417521261,864988864,62,40,40,1177,44918000,0
80,1417521261,864988864,68,40,39,1217,45152000,0
80,1417521261,864988864,12,40,40,1553,45584000,5
80,1417521261,892988504,21,40,39,1172,44667000,0
80,1417521261,892988504,6,40,39,1176,44705000,0
81,1417521261,892988504,4,40,40,1553,44683000,0
81,1417521261,892988504,16,40,40,1573,45355000,0
81,1417521261,892988504,73,40,41,696,44577000,0
81,1417521261,892988504,7,40,40,1061,45059000,0
81,1417521261,892988504,51,40,39,963,44038000,0
82,1417521261,892988504,25,40,39,1172,45245000,0
82,1417521261,893988491,15,40,40,1051,45519000,0
82,1417521261,893988491,60,40,39,1158,43953000,0
82,1417521261,893988491,14,40,39,1176,45045000,0
82,1417521261,893988491,69,40,41,696,45773000,15
83,1417521261,893988491,55,40,39,963,44461000,0
83,1417521261,893988491,71,40,39,963,44056000,0
83,1417521261,893988491,61,40,45,772,45257000,0
83,1417521261,893988491,70,40,39,1162,44311000,0
83,1417521261,893988491,56,40,38,1182,45178000,0
84,1417521261,893988491,53,40,43,833,45299000,0
84,1417521261,894988478,52,40,39,1158,46296000,16
84,1417521261,894988478,2,40,39,1175,45307000,0
84,1417521261,896988452,8,40,40,1573,44568000,0
84,1417521261,896988452,9,40,32,1087,44639000,0
85,1417521261,896988452,3,40,40,1061,45195000,0
85,1417521261,896988452,54,40,39,1169,44631000,0
85,1417521261,896988452,5,40,39,1172,44815000,0
85,1417521261,896988452,64,40,39,1182,45145000,0
85,1417521261,896988452,13,40,39,1172,44838000,0
86,1417521261,896988452,24,40,40,1553,45275000,0
86,1417521261,896988452,67,40,39,963,45429000,0
86,1417521261,897988439,20,40,41,1579,45325000,0
86,1417521261,903988362,10,40,39,1175,44396000,0
86,1417521261,903988362,1,40,39,1172,45208000,0
87,1417521261,904988349,17,40,31,1087,44943000,0
87,1417521261,904988349,58,40,40,1177,44685000,0
87,1417521261,904988349,63,40,39,963,44389000,0
87,1417521261,904988349,19,40,40,1051,45102000,0
87,1417521261,904988349,57,40,41,696,45042000,0
88,1417521261,904988349,65,40,44,772,44443000,0
88,1417521261,904988349,72,40,39,1200,45307000,0
88,1417521261,904988349,59,40,39,963,45756000,9
88,1417521261,904988349,66,40,40,1177,39607000,0
88,1417521261,904988349,50,40,39,1169,44943000,0
89,1417521261,905988336,23,40,40,1058,45358000,0
89,1417521261,909988285,22,40,39,1176,45088000,0
89,1417521261,909988285,11,40,40,1051,44968000,0
89,1417521261,909988285,18,40,39,1176,45288000,0
89,1417521261,909988285,74,40,39,1169,44951000,0
90,1417521261,909988285,62,40,39,1170,44918000,0
90,1417521261,909988285,68,40,39,1217,45370000,0
90,1417521261,910988272,6,40,39,1176,44824000,0
90,1417521261,937987924,12,40,41,1579,44998000,0
90,1417521261,937987924,16,40,40,1573,44395000,0
91,1417521261,937987924,7,40,40,1061,44693000,0
91,1417521261,938987911,4,40,40,1553,45268000,0
91,1417521261,938987911,25,40,31,1087,44902000,0
91,1417521261,938987911,21,40,39,1172,45282000,0
91,1417521261,938987911,51,40,39,963,44301000,0
92,1417521261,938987911,60,40,39,1158,44333000,0
92,1417521261,938987911,15,40,40,1058,45222000,0
92,1417521261,938987911,73,40,41,696,45521000,0
92,1417521261,938987911,69,40,41,696,45261000,0
92,1417521261,938987911,14,40,39,1176,46321000,1
93,1417521261,938987911,71,40,39,963,44250000,0
93,1417521261,939987898,55,40,39,963,44805000,0
93,1417521261,939987898,61,40,44,772,45343000,0
93,1417521261,939987898,70,40,39,1162,44354000,0
93,1417521261,939987898,53,40,42,833,45957000,3
94,1417521261,939987898,56,40,39,1182,44809000,0
94,1417521261,939987898,52,40,39,1157,44874000,0
94,1417521261,939987898,8,40,40,1573,44570000,0
94,1417521261,941987873,9,40,33,1087,44802000,0
94,1417521261,941987873,2,40,39,1176,45324000,0
95,1417521261,941987873,3,40,40,1062,44694000,0
95,1417521261,941987873,64,40,39,1182,45299000,0
95,1417521261,941987873,54,40,39,1162,44997000,0
95,1417521261,941987873,13,40,39,1172,45151000,0
95,1417521261,941987873,5,40,39,1172,45373000,0
96,1417521261,941987873,24,40,41,1579,45215000,0
96,1417521261,942987860,67,40,39,963,44924000,0
96,1417521261,942987860,20,40,41,1579,44985000,0
96,1417521261,949987770,1,40,39,1172,44329000,0
96,1417521261,949987770,17,40,32,1087,45420000,0
97,1417521261,949987770,10,40,39,1176,44429000,0
97,1417521261,949987770,19,40,40,1051,45448000,0
97,1417521261,949987770,58,40,40,1177,45084000,0
97,1417521261,949987770,63,40,39,963,45033001,0
97,1417521261,949987770,57,40,41,696,44745000,0
98,1417521261,949987770,65,40,43,772,44583000,0
98,1417521261,950987757,72,40,38,1182,45187000,0
98,1417521261,950987757,59,40,39,963,45188000,0
98,1417521261,950987757,50,40,39,1162,45107000,0
98,1417521261,950987757,66,40,40,1177,45837000,13
99,1417521261,950987757,22,40,39,1176,45145000,0
99,1417521261,954987705,11,40,40,1051,44996000,0
99,1417521261,954987705,18,40,39,1175,45347000,0
99,1417521261,955987692,23,40,40,1058,45184000,0
99,1417521261,955987692,74,40,39,1162,45198000,0
100,1417521261,955987692,62,40,39,1170,45038001,0
100,1417521261,955987692,68,40,38,1200,45324000,0
100,1417521261,955987692,6,40,39,1176,45214000,0
100,1417521261,983987332,12,40,41,1579,45178000,0
100,1417521261,983987332,16,40,40,1573,44542000,0
101,1417521261,983987332,4,40,41,1579,44594000,0
101,1417521261,983987332,21,40,39,1172,45349000,0
101,1417521261,983987332,51,40,39,963,43896000,0
101,1417521261,983987332,7,40,40,1062,45267000,0
101,1417521261,983987332,73,40,47,772,44716000,0
102,1417521261,984987319,15,40,40,1058,44984000,0
102,1417521261,984987319,14,40,39,1175,45387000,0
102,1417521261,984987319,25,40,32,1087,45189000,0
102,1417521261,984987319,71,40,39,963,44432001,0
102,1417521261,984987319,60,40,39,1158,44424001,0
103,1417521261,984987319,55,40,39,963,44582001,0
103,1417521261,984987319,61,40,43,772,45111000,0
103,1417521261,984987319,70,40,40,1177,44750001,0
103,1417521261,984987319,53,40,41,833,45196000,0
103,1417521261,984987319,52,40,39,1157,45801001,11
104,1417521261,985987306,56,40,39,1182,45639000,3
104,1417521261,985987306,69,40,41,696,43924000,0
104,1417521261,985987306,9,40,34,1087,44741000,0
104,1417521261,986987293,2,40,39,1176,45166000,0
104,1417521261,986987293,8,40,39,1558,45295001,0
105,1417521261,987987280,5,40,39,1172,44819000,0
105,1417521261,987987280,13,40,39,1172,45335001,0
105,1417521261,987987280,64,40,39,1182,44687001,0
105,1417521261,987987280,54,40,39,1162,45252000,0
105,1417521261,987987280,3,40,40,1062,45310001,0
106,1417521261,987987280,24,40,41,1579,44773000,0
106,1417521261,987987280,67,40,39,963,44976000,0
106,1417521261,987987280,1,40,39,1172,45217000,0
106,1417521261,994987190,17,40,33,1087,45433001,0
106,1417521261,994987190,10,40,39,1176,44169000,0
107,1417521261,994987190,19,40,40,1058,45007001,0
107,1417521261,994987190,20,40,41,1579,45236000,0
107,1417521261,995987177,58,40,40,1177,44952001,0
107,1417521261,995987177,63,40,39,969,44320001,0
107,1417521261,995987177,65,40,42,772,44722001,0
108,1417521261,995987177,57,40,41,696,44984001,0
108,1417521261,995987177,72,40,39,1182,44757000,0
108,1417521261,995987177,50,40,39,1162,44946000,0
108,1417521261,995987177,59,40,39,963,45297000,0
108,1417521261,995987177,66,40,40,1177,45354001,0
109,1417521261,995987177,18,40,39,1175,45196000,0
109,1417521262,999988,23,40,40,1058,45428000,0
109,1417521262,999988,22,40,39,1175,45032000,0
109,1417521262,999988,11,40,40,1051,45095001,0
109,1417521262,999988,74,40,39,1162,45317001,0
110,1417521262,999988,68,40,39,1200,45920000,2
110,1417521262,999988,62,40,39,1170,44880000,0
110,1417521262,999988,21,40,39,1172,45143001,0
110,1417521262,28999627,4,40,41,1579,44700001,0
110,1417521262,28999627,12,40,41,1579,45149001,0
111,1417521262,28999627,6,40,39,1166,45529000,0
111,1417521262,28999627,15,40,40,1058,45393000,0
111,1417521262,29999614,73,40,46,772,44859001,0
111,1417521262,29999614,51,40,39,963,43817001,0
111,1417521262,29999614,25,40,33,1087,44610001,0
112,1417521262,29999614,16,40,39,1558,44993001,0
112,1417521262,29999614,7,40,40,1062,45134001,0
112,1417521262,29999614,14,40,39,1175,45200000,0
112,1417521262,29999614,71,40,39,969,44190001,0
112,1417521262,29999614,60,40,39,1157,44116001,0
113,1417521262,29999614,55,40,39,963,45162001,0
113,1417521262,30999601,61,40,42,772,45634001,1
113,1417521262,30999601,52,40,39,1157,45176001,0
113,1417521262,30999601,70,40,40,1177,44540001,0
113,1417521262,30999601,56,40,39,1182,46240001,16
114,1417521262,30999601,69,40,47,772,45217001,0
114,1417521262,30999601,53,40,41,833,46200001,2
114,1417521262,30999601,2,40,39,1176,44981001,0
114,1417521262,32999576,9,40,35,1087,44647001,0
114,1417521262,32999576,8,40,39,1558,44856001,0
115,1417521262,32999576,5,40,39,1172,44840001,0
115,1417521262,32999576,13,40,39,1172,45276001,0
115,1417521262,32999576,54,40,39,1162,45417001,0
115,1417521262,32999576,64,40,38,1166,45077001,0
115,1417521262,33999563,3,40,40,1062,44990001,0
116,1417521262,33999563,24,40,41,1579,45676000,8
116,1417521262,33999563,67,40,39,963,45391001,0
116,1417521262,33999563,1,40,39,1172,45245001,0
116,1417521262,40999473,17,40,34,1087,45462000,0
116,1417521262,40999473,19,40,40,1058,44883000,0
117,1417521262,40999473,10,40,39,1176,44904001,0
117,1417521262,40999473,20,40,40,1573,45725000,5
117,1417521262,40999473,58,40,39,1170,44519001,0
117,1417521262,40999473,63,40,39,969,44894001,0
117,1417521262,40999473,65,40,47,833,44888001,0
118,1417521262,40999473,59,40,39,963,45588001,0
118,1417521262,40999473,72,40,39,1182,44032001,0
118,1417521262,41999460,50,40,39,1162,44397001,0
118,1417521262,41999460,57,40,47,772,45472001,0
118,1417521262,41999460,66,40,40,1177,45671001,0
119,1417521262,41999460,11,40,40,1058,45128001,0
119,1417521262,45999408,23,40,40,1061,45419001,0
119,1417521262,45999408,22,40,39,1175,45002001,0
119,1417521262,45999408,18,40,39,1175,45421001,0
119,1417521262,46999395,74,40,39,1162,44978001,0
120,1417521262,46999395,62,40,38,1157,45404001,0
120,1417521262,46999395,68,40,39,1200,45205001,0
120,1417521262,46999395,4,40,41,1579,45097001,0
120,1417521262,74999035,6,40,39,1166,44441001,0
120,1417521262,74999035,25,40,34,1087,45420001,3
121,1417521262,74999035,16,40,39,1558,44010001,0
121,1417521262,74999035,7,40,40,1062,45607001,7
121,1417521262,74999035,51,40,39,969,44675001,0
121,1417521262,74999035,14,40,39,1175,45651001,11
121,1417521262,74999035,73,40,45,772,44579001,0
122,1417521262,74999035,60,40,39,1157,45076001,0
122,1417521262,75999022,71,40,39,969,44444001,0
122,1417521262,75999022,15,40,40,1061,44300001,0
122,1417521262,75999022,21,40,39,1172,45046001,0
122,1417521262,75999022,12,40,40,1573,45083001,0
123,1417521262,75999022,52,40,39,1157,45617001,16
123,1417521262,75999022,55,40,39,969,44197001,0
123,1417521262,75999022,61,40,47,833,44882001,0
123,1417521262,75999022,70,40,40,1177,44318001,0
123,1417521262,75999022,56,40,38,1166,45197001,0
124,1417521262,75999022,53,40,41,833,45470001,0
124,1417521262,76999009,69,40,46,772,41887001,0
124,1417521262,76999009,13,40,39,1172,45208001,0
124,1417521262,77998996,5,40,39,1172,44865001,0
124,1417521262,77998996,2,40,39,1166,45485001,0
125,1417521262,77998996,9,40,36,1087,45205001,0
125,1417521262,78998983,64,40,39,1166,44667001,0
125,1417521262,78998983,3,40,40,1062,44993001,0
125,1417521262,78998983,54,40,40,1177,44738001,0
125,1417521262,78998983,24,40,40,1573,45105001,0
126,1417521262,78998983,8,40,39,1558,45692001,0
126,1417521262,78998983,67,40,39,969,45459001,0
126,1417521262,78998983,17,40,35,1087,44417001,0
126,1417521262,85998893,1,40,31,1087,45152001,0
126,1417521262,85998893,10,40,39,1166,45260001,0
127,1417521262,85998893,19,40,40,1058,45087001,0
127,1417521262,85998893,20,40,40,1573,45351001,0
127,1417521262,85998893,58,40,39,1170,44864001,0
127,1417521262,85998893,63,40,39,969,44930001,0
127,1417521262,85998893,72,40,39,1182,44667001,0
128,1417521262,86998880,65,40,46,833,44580001,0
128,1417521262,86998880,59,40,39,969,45244001,0
128,1417521262,86998880,50,40,40,1177,44872001,0
128,1417521262,86998880,57,40,46,772,44845001,0
128,1417521262,86998880,66,40,40,1177,45448001,0
129,1417521262,86998880,22,40,39,1175,45306001,0
129,1417521262,91998816,18,40,39,1175,45386001,0
129,1417521262,91998816,23,40,40,1061,45178001,0
129,1417521262,91998816,11,40,40,1058,45338001,0
129,1417521262,91998816,62,40,39,1157,45312001,0
130,1417521262,91998816,74,40,40,1177,45236001,0
130,1417521262,91998816,68,40,38,1182,45285001,0
130,1417521262,91998816,16,40,39,1558,44047001,0
130,1417521262,119998456,7,40,40,1062,45456001,0
130,1417521262,119998456,14,40,39,1175,44840001,0
131,1417521262,120998443,6,40,39,1166,44964001,0
131,1417521262,120998443,60,40,39,1157,45214001,0
131,1417521262,120998443,51,40,39,969,44858001,0
131,1417521262,120998443,15,40,40,1061,45837001,8
131,1417521262,120998443,71,40,39,969,44191001,0
132,1417521262,120998443,52,40,38,1146,44141001,0
132,1417521262,120998443,73,40,44,772,44757001,0
132,1417521262,120998443,12,40,40,1573,44346001,0
132,1417521262,120998443,21,40,39,1172,44628001,0
132,1417521262,121998430,55,40,39,969,44985001,0
133,1417521262,121998430,25,40,35,1087,45057001,0
133,1417521262,121998430,61,40,46,833,45719001,6
133,1417521262,121998430,70,40,40,1177,45037001,0
133,1417521262,121998430,56,40,39,1166,45609001,3
133,1417521262,121998430,4,40,40,1573,46320001,0
134,1417521262,121998430,53,40,41,833,45398001,0
134,1417521262,121998430,69,40,45,772,45651001,1
134,1417521262,121998430,9,40,37,1087,44682001,0
134,1417521262,123998404,2,40,39,1166,45167001,0
134,1417521262,123998404,5,40,31,1087,45336001,0
135,1417521262,123998404,13,40,31,1087,45174001,0
135,1417521262,123998404,3,40,38,1041,45010001,0
135,1417521262,123998404,24,40,40,1573,44673001,0
135,1417521262,123998404,64,40,39,1166,44896001,0
135,1417521262,123998404,54,40,40,1177,44637001,0
136,1417521262,123998404,8,40,40,1568,45227001,0
136,1417521262,123998404,67,40,39,969,45303001,0
136,1417521262,124998391,17,40,36,1087,44850001,0
136,1417521262,130998314,19,40,40,1061,44454001,0
136,1417521262,130998314,10,40,39,1166,45191001,0
137,1417521262,131998301,1,40,32,1087,45144001,0
137,1417521262,131998301,20,40,40,1573,45364001,0
137,1417521262,131998301,58,40,39,1170,44873001,0
137,1417521262,131998301,72,40,38,1166,44914001,0
137,1417521262,131998301,65,40,45,833,44673001,0
138,1417521262,131998301,59,40,39,969,44504001,0
138,1417521262,131998301,57,40,45,772,44669001,0
138,1417521262,131998301,50,40,40,1177,44811001,0
138,1417521262,131998301,66,40,40,1177,45589001,0
138,1417521262,132998288,63,40,40,983,45915001,0
139,1417521262,132998288,11,40,40,1058,44774001,0
139,1417521262,136998237,22,40,39,1175,45080001,0
139,1417521262,136998237,18,40,39,1176,45033001,0
139,1417521262,136998237,23,40,40,1061,45343001,0
139,1417521262,137998224,62,40,39,1157,45016001,0
140,1417521262,137998224,74,40,40,1177,45675001,1
140,1417521262,137998224,68,40,39,1182,45613001,0
140,1417521262,137998224,7,40,38,1041,44130001,0
140,1417521262,165997863,6,40,38,1148,44842001,0
140,1417521262,165997863,15,40,40,1061,45228001,0
141,1417521262,165997863,16,40,40,1568,44401001,0
141,1417521262,165997863,51,40,39,969,44973001,0
141,1417521262,165997863,73,40,43,772,44884001,0
141,1417521262,165997863,52,40,39,1146,43793001,0
141,1417521262,165997863,12,40,40,1573,45754001,13
142,1417521262,166997850,21,40,31,1087,45482001,0
142,1417521262,166997850,71,40,40,983,44074001,0
142,1417521262,166997850,60,40,39,1157,45119001,0
142,1417521262,166997850,25,40,36,1087,45061001,0
142,1417521262,166997850,14,40,39,1176,45246001,0
143,1417521262,166997850,55,40,39,969,45412001,0
143,1417521262,166997850,4,40,40,1573,46960001,1
143,1417521262,166997850,61,40,45,833,45729001,8
143,1417521262,166997850,70,40,40,1177,45301001,0
143,1417521262,167997838,56,40,39,1166,44928001,0
144,1417521262,167997838,53,40,41,833,46545001,5
144,1417521262,167997838,69,40,44,772,45000001,0
144,1417521262,167997838,9,40,29,998,44774001,0
144,1417521262,168997825,2,40,39,1166,44585001,0
144,1417521262,168997825,24,40,40,1573,45318001,0
145,1417521262,168997825,3,40,39,1041,45619001,6
145,1417521262,169997812,64,40,39,1158,44903001,0
145,1417521262,169997812,54,40,40,1177,45030001,0
145,1417521262,169997812,8,40,40,1568,45291001,0
145,1417521262,169997812,5,40,32,1087,45067001,0
146,1417521262,169997812,13,40,32,1087,45280001,0
146,1417521262,169997812,67,40,39,969,45564001,1
146,1417521262,169997812,1,40,33,1087,45388001,0
146,1417521262,176997722,10,40,39,1166,45178001,0
146,1417521262,176997722,19,40,40,1061,45216001,0
147,1417521262,176997722,17,40,37,1087,45335001,0
147,1417521262,176997722,58,40,38,1157,44482001,0
147,1417521262,176997722,20,40,40,1573,44634001,0
147,1417521262,176997722,72,40,39,1166,44748001,0
147,1417521262,177997709,65,40,44,833,44846001,0
148,1417521262,177997709,59,40,39,969,44993001,0
148,1417521262,177997709,50,40,40,1177,45349001,0
148,1417521262,177997709,66,40,40,1177,45364001,0
148,1417521262,177997709,57,40,44,772,45369001,0
148,1417521262,177997709,63,40,40,983,44952001,0
149,1417521262,177997709,18,40,39,1176,45418001,0
149,1417521262,182997644,23,40,40,1062,45380001,0
149,1417521262,182997644,22,40,39,1176,45073001,0
149,1417521262,182997644,11,40,40,1061,45335001,0
149,1417521262,182997644,74,40,40,1177,45188001,0
150,1417521262,182997644,62,40,39,1157,44946001,0
150,1417521262,182997644,68,40,39,1182,45654001,1
150,1417521262,183997632,6,40,39,1148,44725001,0
150,1417521262,210997284,16,40,40,1568,44679001,0
150,1417521262,211997271,7,40,39,1041,44179001,0
151,1417521262,211997271,15,40,40,1062,45308001,0
151,1417521262,211997271,21,40,32,1087,45149001,0
151,1417521262,211997271,60,40,38,1146,45332001,0
151,1417521262,211997271,71,40,40,983,44135001,0
151,1417521262,211997271,51,40,40,983,44154001,0
152,1417521262,211997271,12,40,40,1573,44340001,0
152,1417521262,211997271,73,40,42,772,44249001,0
152,1417521262,212997258,52,40,39,1146,44064001,0
152,1417521262,212997258,4,40,40,1573,45743001,14
152,1417521262,212997258,25,40,37,1087,45234001,0
153,1417521262,212997258,14,40,39,1176,45615001,8
153,1417521262,212997258,55,40,40,983,45476001,0
153,1417521262,212997258,61,40,44,833,44851001,0
153,1417521262,212997258,70,40,40,1177,45990001,15
153,1417521262,212997258,53,40,41,833,45462001,0
154,1417521262,212997258,69,40,43,772,45883001,19
154,1417521262,212997258,56,40,39,1158,44858001,0
154,1417521262,213997245,2,40,38,1148,44967001,0
154,1417521262,214997232,24,40,40,1573,45293001,0
154,1417521262,214997232,9,40,30,998,44699001,0
155,1417521262,214997232,3,40,39,1041,44874001,0
155,1417521262,214997232,54,40,40,1177,44811001,0
155,1417521262,214997232,5,40,33,1087,44823001,0
155,1417521262,215997220,64,40,39,1158,44870001,0
155,1417521262,215997220,13,40,33,1087,44991001,0
156,1417521262,215997220,8,40,40,1568,45308001,0
156,1417521262,215997220,67,40,40,983,45333001,0
156,1417521262,215997220,19,40,40,1061,44968001,0
156,1417521262,221997142,10,40,38,1148,44997001,0
156,1417521262,222997129,1,40,34,1087,44966001,0
157,1417521262,222997129,17,40,29,998,45143001,0
157,1417521262,222997129,72,40,39,1166,44632001,0
157,1417521262,222997129,20,40,39,1558,45412001,0
157,1417521262,222997129,58,40,39,1157,44330001,0
157,1417521262,222997129,65,40,43,833,45014001,0
158,1417521262,222997129,59,40,40,983,44542001,0
158,1417521262,222997129,50,40,40,1177,44855001,0
158,1417521262,223997117,63,40,40,983,46228001,11
158,1417521262,223997117,66,40,39,1170,44599001,0
158,1417521262,223997117,57,40,43,772,46154001,12
159,1417521262,223997117,11,40,40,1061,45344001,0
159,1417521262,227997065,18,40,39,1176,45220001,0
159,1417521262,227997065,23,40,40,1062,45162001,0
159,1417521262,227997065,22,40,39,1176,44915001,0
159,1417521262,228997052,62,40,37,1131,44942001,0
160,1417521262,228997052,74,40,40,1177,45201001,0
160,1417521262,228997052,68,40,39,1182,45426001,0
160,1417521262,228997052,7,40,39,1041,45029001,0
160,1417521262,256996692,6,40,39,1148,45315001,0
160,1417521262,256996692,15,40,40,1062,45084001,0
161,1417521262,256996692,21,40,33,1087,44123001,0
161,1417521262,256996692,51,40,40,983,44198001,0
161,1417521262,256996692,12,40,39,1558,44421001,0
161,1417521262,256996692,4,40,40,1573,44838001,0
161,1417521262,256996692,60,40,39,1146,44136001,0
162,1417521262,256996692,16,40,40,1568,45048001,0
162,1417521262,256996692,71,40,40,983,45135001,0
162,1417521262,257996679,25,40,29,998,44791001,0
162,1417521262,257996679,73,40,47,833,44285001,0
162,1417521262,257996679,14,40,39,1176,45162001,0
163,1417521262,257996679,52,40,39,1144,45326001,0
163,1417521262,257996679,55,40,40,983,45471001,0
163,1417521262,257996679,61,40,43,833,44825001,0
163,1417521262,257996679,70,40,40,1177,44770001,0
163,1417521262,257996679,69,40,42,772,42315001,0
164,1417521262,257996679,53,40,41,833,46202001,6
164,1417521262,257996679,56,40,39,1158,45974001,18
164,1417521262,257996679,2,40,39,1148,45449001,0
164,1417521262,259996653,24,40,39,1558,45015001,0
164,1417521262,259996653,3,40,38,1029,45298001,0
165,1417521262,259996653,9,40,31,998,44650001,0
165,1417521262,259996653,54,40,40,1177,45456001,0
165,1417521262,260996640,13,40,34,1087,44749001,0
165,1417521262,260996640,64,40,39,1158,44907001,0
165,1417521262,260996640,5,40,34,1087,45088001,0
166,1417521262,260996640,8,40,41,1580,45646001,0
166,1417521262,260996640,67,40,40,983,44943001,0
166,1417521262,260996640,19,40,40,1062,45096001,0
166,1417521262,267996550,17,40,30,998,45384001,0
166,1417521262,267996550,1,40,35,1087,44821001,0
167,1417521262,267996550,10,40,39,1148,44455001,0
167,1417521262,267996550,20,40,39,1558,44489001,0
167,1417521262,267996550,72,40,39,1158,45420001,0
167,1417521262,267996550,65,40,42,833,44609001,0
167,1417521262,267996550,58,40,39,1157,44806001,0
168,1417521262,268996537,59,40,40,983,44662001,0
168,1417521262,268996537,63,40,39,974,46116001,1
168,1417521262,268996537,50,40,40,1177,45001001,0
168,1417521262,268996537,66,40,39,1170,45477001,0
168,1417521262,268996537,57,40,42,772,44980001,0
169,1417521262,268996537,11,40,40,1061,45400001,0
169,1417521262,273996473,23,40,40,1062,45209001,0
169,1417521262,273996473,18,40,39,1166,45176001,0
169,1417521262,273996473,22,40,39,1176,44908001,0
169,1417521262,273996473,62,40,38,1131,45286001,0
170,1417521262,273996473,74,40,40,1177,44878001,0
170,1417521262,273996473,68,40,38,1166,45377001,0
170,1417521262,273996473,6,40,39,1148,44737001,0
170,1417521262,302996100,15,40,40,1062,45304001,0
170,1417521262,302996100,7,40,38,1029,43427001,0
171,1417521262,302996100,16,40,41,1580,45297001,0
171,1417521262,302996100,4,40,39,1558,45053001,0
171,1417521262,302996100,12,40,39,1558,44906001,0
171,1417521262,302996100,51,40,40,983,45257001,0
171,1417521262,302996100,73,40,46,833,45678001,0
172,1417521262,302996100,21,40,34,1087,45424001,0
172,1417521262,302996100,25,40,30,998,44189001,0
172,1417521262,302996100,60,40,39,1146,45121001,0
172,1417521262,302996100,71,40,39,974,45209001,0
172,1417521262,303996087,14,40,39,1166,44812001,0
173,1417521262,303996087,55,40,40,983,44873001,0
173,1417521262,303996087,52,40,39,1144,44382001,0
173,1417521262,303996087,61,40,42,833,44396001,0
173,1417521262,303996087,69,40,47,833,45386001,3
173,1417521262,303996087,56,40,39,1158,45158001,0
174,1417521262,303996087,70,40,39,1170,44538001,0
174,1417521262,303996087,53,40,41,833,44776001,0
174,1417521262,303996087,24,40,39,1558,45117001,0
174,1417521262,304996074,9,40,32,998,44544001,0
174,1417521262,305996061,3,40,39,1029,45406001,0
175,1417521262,305996061,2,40,39,1148,45315001,0
175,1417521262,305996061,13,40,35,1087,45102001,0
175,1417521262,305996061,5,40,35,1087,45418001,0
175,1417521262,305996061,54,40,40,1177,45169001,0
175,1417521262,305996061,64,40,39,1157,44728001,0
176,1417521262,305996061,8,40,41,1580,45230001,0
176,1417521262,305996061,67,40,40,983,37815001,0
176,1417521262,305996061,10,40,39,1148,42079001,0
176,1417521262,312995971,19,40,40,1062,45228001,0
176,1417521262,312995971,1,40,36,1087,42497001,0
177,1417521262,312995971,17,40,31,998,43697001,0
177,1417521262,312995971,20,40,39,1558,42714001,0
177,1417521262,313995958,72,40,39,1158,44544001,0
177,1417521262,313995958,58,40,39,1157,45167001,0
177,1417521262,313995958,65,40,41,833,44298001,0
178,1417521262,313995958,66,40,39,1170,45457001,0
178,1417521262,313995958,63,40,39,974,45016001,0
178,1417521262,313995958,50,40,40,1177,44794001,0
178,1417521262,313995958,57,40,47,833,45120001,0
178,1417521262,313995958,59,40,40,983,44531001,0
179,1417521262,313995958,22,40,39,1166,45317001,0
179,1417521262,318995894,18,40,39,1166,45109001,0
179,1417521262,318995894,11,40,40,1062,45379001,0
179,1417521262,318995894,23,40,40,1062,45097001,0
179,1417521262,318995894,74,40,40,1177,45043001,0
180,1417521262,318995894,62,40,39,1131,44876001,0
180,1417521262,319995881,68,40,39,1166,45200001,0
180,1417521262,319995881,15,40,40,1062,45242001,0
180,1417521262,347995520,6,40,37,1121,45253001,0
180,1417521262,347995520,21,40,35,1087,44570001,0
181,1417521262,347995520,4,40,39,1558,44336001,0
181,1417521262,347995520,25,40,31,998,44105001,0
181,1417521262,347995520,71,40,39,974,44194001,0
181,1417521262,347995520,7,40,39,1029,44119001,0
181,1417521262,347995520,51,40,39,974,44234001,0
182,1417521262,347995520,73,40,45,833,45336001,0
182,1417521262,347995520,16,40,41,1580,45362001,0
182,1417521262,348995507,12,40,39,1558,44772001,0
182,1417521262,348995507,60,40,39,1144,44374001,0
182,1417521262,348995507,52,40,39,1144,44960001,0
183,1417521262,348995507,69,40,46,833,45733001,17
183,1417521262,348995507,56,40,39,1157,44418001,0
183,1417521262,348995507,14,40,39,1166,45020001,0
183,1417521262,348995507,55,40,39,974,45344001,0
183,1417521262,348995507,61,40,41,833,45083001,0
184,1417521262,348995507,70,40,39,1170,44654001,0
184,1417521262,348995507,53,40,46,894,45830001,17
184,1417521262,348995507,9,40,33,998,44496001,0
184,1417521262,350995482,2,40,39,1148,45172001,0
184,1417521262,350995482,3,40,39,1029,45334001,0
185,1417521262,350995482,24,40,39,1558,44879001,0
185,1417521262,350995482,5,40,36,1087,45294001,0
185,1417521262,350995482,13,40,36,1087,45175001,0
185,1417521262,350995482,64,40,39,1157,44940001,0
185,1417521262,350995482,54,40,40,1177,44978002,0
186,1417521262,351995469,8,40,41,1580,45613001,9
186,1417521262,351995469,67,40,39,974,45734001,7
186,1417521262,351995469,10,40,39,1148,45314001,0
186,1417521262,358995379,17,40,32,998,44687001,0
186,1417521262,358995379,1,40,37,1087,45050001,0
187,1417521262,358995379,20,40,40,1568,44792001,0
187,1417521262,358995379,19,40,40,1062,44893001,0
187,1417521262,358995379,58,40,37,1131,45413001,0
187,1417521262,358995379,72,40,39,1158,44750001,0
187,1417521262,358995379,65,40,41,833,44676001,0
188,1417521262,359995366,66,40,38,1157,45352001,0
188,1417521262,359995366,63,40,39,974,44723001,0
188,1417521262,359995366,50,40,40,1177,44857001,0
188,1417521262,359995366,57,40,46,833,44917001,0
188,1417521262,359995366,59,40,39,974,45579001,0
189,1417521262,359995366,22,40,39,1166,44925001,0
189,1417521262,363995314,11,40,40,1062,45367001,0
189,1417521262,364995301,23,40,38,1041,45243001,0
189,1417521262,364995301,18,40,39,1166,45183001,0
189,1417521262,364995301,74,40,40,1177,44906001,0
190,1417521262,364995301,68,40,39,1166,45025001,0
190,1417521262,364995301,62,40,37,1106,44846001,0
190,1417521262,364995301,6,40,38,1121,44235001,0
190,1417521262,392994941,21,40,36,1087,44961001,0
190,1417521262,392994941,4,40,39,1558,44477001,0
191,1417521262,392994941,25,40,32,998,45205001,0
191,1417521262,393994928,7,40,39,1029,44175001,0
191,1417521262,393994928,16,40,41,1580,45852001,6
191,1417521262,393994928,51,40,39,974,45237002,0
191,1417521262,393994928,12,40,40,1568,45404001,0
192,1417521262,393994928,15,40,38,1041,45849001,0
192,1417521262,393994928,69,40,45,833,44918001,0
192,1417521262,393994928,56,40,39,1157,44141001,0
192,1417521262,393994928,52,40,38,1133,45412002,0
192,1417521262,393994928,14,40,39,1166,46531001,1
193,1417521262,393994928,60,40,39,1144,44756002,0
193,1417521262,393994928,55,40,39,974,45316001,0
193,1417521262,393994928,71,40,39,974,44749001,0
193,1417521262,394994915,73,40,44,833,45660002,0
193,1417521262,394994915,61,40,41,833,45372001,0
194,1417521262,394994915,70,40,39,1170,44852002,0
194,1417521262,394994915,53,40,45,894,45162001,0
194,1417521262,394994915,9,40,34,998,45075002,0
194,1417521262,395994902,3,40,39,1033,45228001,0
194,1417521262,395994902,2,40,37,1121,45036002,0
195,1417521262,396994889,24,40,40,1568,45496001,0
195,1417521262,396994889,64,40,39,1157,44990002,0
195,1417521262,396994889,54,40,39,1170,44985001,0
195,1417521262,396994889,5,40,37,1087,45274001,0
195,1417521262,396994889,8,40,41,1580,45274001,0
196,1417521262,396994889,13,40,37,1087,44977001,0
196,1417521262,396994889,67,40,39,974,45595001,3
196,1417521262,396994889,1,40,29,998,44156001,0
196,1417521262,403994799,20,40,40,1568,44597001,0
196,1417521262,403994799,17,40,33,998,45087001,0
197,1417521262,403994799,10,40,37,1121,45374001,0
197,1417521262,403994799,19,40,40,1062,45564001,0
197,1417521262,404994786,58,40,38,1131,45223001,0
197,1417521262,404994786,72,40,39,1157,44742002,0
197,1417521262,404994786,65,40,41,833,44679002,0
198,1417521262,404994786,66,40,39,1157,45341001,0
198,1417521262,404994786,63,40,39,974,44591001,0
198,1417521262,404994786,50,40,39,1170,44981001,0
198,1417521262,404994786,57,40,45,833,45909002,10
198,1417521262,404994786,59,40,39,974,39836002,0
199,1417521262,404994786,11,40,40,1062,45454002,0
199,1417521262,409994722,18,40,38,1148,44780001,0
199,1417521262,409994722,22,40,39,1166,45158002,0
199,1417521262,409994722,23,40,39,1041,44788001,0
199,1417521262,409994722,62,40,38,1106,44966001,0
200,1417521262,409994722,74,40,39,1170,45015002,0
200,1417521262,409994722,68,40,39,1158,45053001,0
200,1417521262,410994709,25,40,33,998,44315002,0
200,1417521262,438994349,6,40,39,1121,44749001,0
200,1417521262,438994349,16,40,41,1580,45116001,0
201,1417521262,438994349,7,40,39,1033,44650002,0
201,1417521262,438994349,15,40,39,1041,45414002,0
201,1417521262,438994349,4,40,40,1568,44818002,0
201,1417521262,438994349,21,40,37,1087,45054001,0
201,1417521262,438994349,60,40,39,1144,43788002,0
202,1417521262,438994349,56,40,39,1157,43752002,0
202,1417521262,439994336,14,40,38,1148,44542002,0
202,1417521262,439994336,73,40,43,833,45316002,0
202,1417521262,439994336,51,40,39,974,44518002,0
202,1417521262,439994336,52,40,39,1133,45182002,0
203,1417521262,439994336,12,40,40,1568,44693001,0
203,1417521262,439994336,55,40,39,974,44493002,0
203,1417521262,439994336,69,40,44,833,45366002,0
203,1417521262,439994336,71,40,39,974,44363002,0
203,1417521262,439994336,61,40,41,833,44829002,0
204,1417521262,439994336,70,40,38,1157,45198002,0
204,1417521262,440994323,53,40,44,894,44906002,0
204,1417521262,440994323,3,40,39,1033,45032001,0
204,1417521262,441994310,24,40,40,1568,45153001,0
204,1417521262,441994310,9,40,29,947,44990002,0
205,1417521262,441994310,2,40,38,1121,44916002,0
205,1417521262,441994310,5,40,29,998,44849002,0
205,1417521262,441994310,8,40,41,1588,44987002,0
205,1417521262,441994310,13,40,29,998,45835002,6
205,1417521262,441994310,54,40,39,1170,45079002,0
206,1417521262,441994310,64,40,39,1157,44647002,0
206,1417521262,441994310,67,40,39,974,45318002,0
206,1417521262,441994310,20,40,40,1568,44770002,0
206,1417521262,449994207,17,40,34,998,45141002,0
206,1417521262,449994207,1,40,30,998,44944001,0
207,1417521262,449994207,10,40,38,1121,45398002,0
207,1417521262,449994207,19,40,38,1041,44691002,0
207,1417521262,449994207,72,40,39,1157,44250002,0
207,1417521262,449994207,58,40,39,1131,44932002,0
207,1417521262,449994207,65,40,41,833,44646002,0
208,1417521262,449994207,63,40,38,962,44672002,0
208,1417521262,449994207,66,40,39,1157,45122002,0
208,1417521262,450994194,50,40,39,1170,45181002,0
208,1417521262,450994194,57,40,44,833,44882002,0
208,1417521262,450994194,59,40,39,974,45539002,2
209,1417521262,450994194,11,40,40,1062,45119001,0
209,1417521262,454994143,23,40,39,1041,45394001,0
209,1417521262,454994143,22,40,38,1148,45100002,0
209,1417521262,455994130,18,40,39,1148,44746002,0
209,1417521262,455994130,62,40,39,1106,45353002,0
210,1417521262,455994130,74,40,39,1170,44968002,0
210,1417521262,455994130,68,40,39,1158,45277002,0
210,1417521262,455994130,6,40,37,1098,45012002,0
210,1417521262,483993769,7,40,39,1033,44941002,0
210,1417521262,484993756,16,40,41,1588,44604002,0
211,1417521262,484993756,15,40,39,1041,44221002,0
211,1417521262,484993756,51,40,39,974,45027002,0
211,1417521262,484993756,73,40,42,833,45398002,0
211,1417521262,484993756,4,40,40,1568,44445002,0
211,1417521262,485993743,21,40,29,998,45443002,0
212,1417521262,485993743,56,40,39,1157,44077002,0
212,1417521262,485993743,52,40,39,1133,45085002,0
212,1417521262,485993743,14,40,39,1148,45353002,0
212,1417521262,485993743,71,40,38,962,45174002,0
212,1417521262,485993743,69,40,43,833,45475002,0
213,1417521262,485993743,12,40,40,1568,45274002,0
213,1417521262,485993743,60,40,38,1133,44489002,0
213,1417521262,485993743,55,40,39,974,44604002,0
213,1417521262,486993731,25,40,34,998,45078002,0
213,1417521262,486993731,61,40,41,833,44921002,0
214,1417521262,486993731,70,40,39,1157,44886002,0
214,1417521262,486993731,53,40,43,894,45493002,0
214,1417521262,486993731,3,40,39,1033,44813002,0
214,1417521262,486993731,2,40,39,1121,44523002,0
214,1417521262,486993731,9,40,30,947,44797002,0
215,1417521262,486993731,24,40,40,1568,45145002,0
215,1417521262,486993731,5,40,30,998,44873002,0
215,1417521262,486993731,8,40,41,1588,45165002,0
215,1417521262,487993718,13,40,30,998,45061002,0
215,1417521262,487993718,54,40,39,1170,45090002,0
216,1417521262,487993718,64,40,38,1146,44850002,0
216,1417521262,487993718,67,40,39,974,45560002,9
216,1417521262,487993718,10,40,39,1121,45384002,0
216,1417521262,494993628,17,40,29,947,44486002,0
216,1417521262,495993615,1,40,31,998,45205002,0
217,1417521262,495993615,19,40,39,1041,45431002,0
217,1417521262,495993615,58,40,37,1106,45150002,0
217,1417521262,495993615,65,40,41,833,44406002,0
217,1417521262,495993615,63,40,39,962,44427002,0
217,1417521262,495993615,20,40,41,1580,45650002,0
218,1417521262,495993615,66,40,39,1157,45145002,0
218,1417521262,495993615,72,40,39,1157,45089002,0
218,1417521262,495993615,50,40,39,1170,45242002,0
218,1417521262,496993602,57,40,43,833,44854002,0
218,1417521262,496993602,59,40,39,974,45986002,11
219,1417521262,496993602,11,40,38,1041,45182002,0
219,1417521262,500993550,22,40,39,1148,45265002,0
219,1417521262,500993550,23,40,38,1029,45198002,0
219,1417521262,500993550,18,40,39,1148,44944002,0
219,1417521262,500993550,62,40,39,1107,45376002,0
220,1417521262,500993550,74,40,39,1170,44968002,0
220,1417521262,501993537,68,40,39,1158,45090002,0
220,1417521262,501993537,16,40,41,1588,44354002,0
220,1417521262,529993177,7,40,39,1033,45348002,0
220,1417521262,529993177,6,40,38,1098,44297002,0
221,1417521262,529993177,15,40,38,1029,43991002,0
221,1417521262,529993177,56,40,38,1146,43833002,0
221,1417521262,529993177,14,40,39,1148,44599002,0
221,1417521262,529993177,73,40,41,833,44393002,0
221,1417521262,530993164,69,40,42,833,45336002,0
222,1417521262,530993164,21,40,30,998,46027002,0
222,1417521262,530993164,52,40,39,1133,44879002,0
222,1417521262,530993164,71,40,39,962,44954002,0
222,1417521262,530993164,25,40,29,947,44713002,0
222,1417521262,530993164,51,40,38,962,44442002,0
223,1417521262,530993164,12,40,41,1580,45772002,0
223,1417521262,530993164,60,40,39,1133,45471002,0
223,1417521262,530993164,4,40,40,1568,45098002,0
223,1417521262,530993164,61,40,41,833,45015002,0
223,1417521262,531993151,70,40,39,1157,44735002,0
224,1417521262,531993151,53,40,42,894,45553002,0
224,1417521262,531993151,55,40,38,962,44960002,0
224,1417521262,531993151,2,40,37,1098,44839002,0
224,1417521262,531993151,9,40,31,947,44654002,0
224,1417521262,532993138,24,40,41,1580,44979002,0
225,1417521262,532993138,3,40,39,1033,44772002,0
225,1417521262,532993138,5,40,31,998,44490002,0
225,1417521262,532993138,13,40,31,998,45423002,6
225,1417521262,532993138,8,40,41,1588,45161002,0
225,1417521262,532993138,64,40,39,1146,44617002,0
226,1417521262,532993138,54,40,38,1157,44953002,0
226,1417521262,532993138,67,40,38,962,45154002,0
226,1417521262,533993126,1,40,32,998,44464002,0
226,1417521262,540993035,17,40,30,947,44782002,0
226,1417521262,540993035,19,40,39,1041,44403002,0
227,1417521262,540993035,10,40,37,1098,45379002,0
227,1417521262,540993035,63,40,39,962,44613002,0
227,1417521262,540993035,58,40,38,1106,45412002,0
227,1417521262,540993035,20,40,41,1580,45570002,1
227,1417521262,541993023,65,40,41,833,44857002,0
228,1417521262,541993023,66,40,37,1131,45092002,0
228,1417521262,541993023,72,40,39,1157,45171002,0
228,1417521262,541993023,50,40,38,1157,45464002,0
228,1417521262,541993023,59,40,38,962,39776002,0
228,1417521262,541993023,57,40,42,833,45539002,0
229,1417521262,541993023,18,40,39,1148,45305002,0
229,1417521262,545992971,11,40,39,1041,45186002,0
229,1417521262,545992971,23,40,39,1029,45047002,0
229,1417521262,546992958,22,40,39,1148,45341002,0
229,1417521262,546992958,62,40,39,1107,45322002,0
230,1417521262,546992958,74,40,38,1157,44910002,0
230,1417521262,546992958,68,40,39,1157,45203002,0
230,1417521262,546992958,15,40,39,1029,43607002,0
230,1417521262,576992572,7,40,39,1033,44737002,0
230,1417521262,576992572,16,40,41,1588,43583002,0
231,1417521262,576992572,6,40,39,1098,44805002,0
231,1417521262,576992572,14,40,39,1148,44147002,0
231,1417521262,576992572,21,40,31,998,44313002,0
231,1417521262,576992572,69,40,41,833,45194002,0
231,1417521262,576992572,51,40,39,962,43881002,0
232,1417521262,576992572,25,40,30,947,44777002,0
232,1417521262,577992559,4,40,41,1580,46591002,1
232,1417521262,577992559,56,40,39,1146,44310002,0
232,1417521262,577992559,71,40,39,962,44751002,0
232,1417521262,577992559,12,40,41,1580,44643002,0
233,1417521262,577992559,60,40,39,1133,44453002,0
233,1417521262,577992559,52,40,38,1115,45101002,0
233,1417521262,577992559,73,40,41,833,44307002,0
233,1417521262,577992559,61,40,41,833,44843002,0
233,1417521262,578992546,70,40,39,1157,44491002,0
234,1417521262,578992546,53,40,41,894,45827002,1
234,1417521262,578992546,55,40,39,962,45882002,0
234,1417521262,578992546,9,40,32,947,44706002,0
234,1417521262,579992533,2,40,38,1098,45141002,0
234,1417521262,579992533,3,40,39,1034,44999002,0
235,1417521262,579992533,24,40,41,1580,45025002,0
235,1417521262,579992533,5,40,32,998,44649002,0
235,1417521262,579992533,13,40,32,998,45088002,0
235,1417521262,579992533,8,40,41,1605,45114002,0
235,1417521262,579992533,64,40,39,1146,44759002,0
236,1417521262,579992533,54,40,39,1157,45425002,1
236,1417521262,579992533,67,40,39,962,45192002,0
236,1417521262,580992520,10,40,38,1098,45306002,0
236,1417521262,586992443,1,40,33,998,45073002,0
236,1417521262,587992430,17,40,31,947,44693002,0
237,1417521262,587992430,19,40,38,1029,44372002,0
237,1417521262,587992430,20,40,41,1580,44956002,0
237,1417521262,587992430,58,40,39,1106,44692002,0
237,1417521262,587992430,63,40,39,960,44342002,0
237,1417521262,587992430,65,40,41,833,44753002,0
238,1417521262,587992430,66,40,38,1131,45217002,0
238,1417521262,587992430,72,40,38,1146,45186002,0
238,1417521262,587992430,50,40,39,1157,45202002,0
238,1417521262,587992430,59,40,39,962,45619002,13
238,1417521262,588992417,57,40,41,833,46669002,1
239,1417521262,588992417,22,40,39,1148,45339002,0
239,1417521262,592992366,18,40,37,1121,45008002,0
239,1417521262,592992366,11,40,39,1041,45389002,0
239,1417521262,592992366,23,40,39,1029,45200002,0
239,1417521262,592992366,74,40,39,1157,44723002,0
240,1417521262,592992366,62,40,39,1107,44919002,0
240,1417521262,593992353,68,40,39,1157,45402002,0
240,1417521262,593992353,6,40,39,1091,44671002,0
240,1417521262,621991993,16,40,41,1605,44359002,0
240,1417521262,621991993,7,40,39,1034,43910002,0
241,1417521262,621991993,14,40,37,1121,45532002,2
241,1417521262,621991993,21,40,32,998,44958002,0
241,1417521262,621991993,25,40,31,947,44540002,0
241,1417521262,622991980,56,40,39,1146,44267000,0
241,1417521262,622991980,4,40,41,1580,44676002,0
242,1417521262,622991980,60,40,39,1133,44140000,0
242,1417521262,622991980,51,40,39,962,44562000,0
242,1417521262,622991980,15,40,39,1029,45091002,0
242,1417521262,622991980,71,40,39,960,43856000,0
242,1417521262,622991980,73,40,41,833,44283000,0
243,1417521262,622991980,69,40,41,833,44641000,0
243,1417521262,622991980,12,40,41,1580,45836002,8
243,1417521262,622991980,61,40,41,833,45243000,0
243,1417521262,623991967,70,40,37,1131,44503000,0
243,1417521262,623991967,53,40,46,961,44921000,0
244,1417521262,623991967,55,40,39,962,45511000,0
244,1417521262,623991967,52,40,39,1115,45328000,0
244,1417521262,623991967,2,40,39,1098,44872002,0
244,1417521262,623991967,9,40,33,947,44787002,0
244,1417521262,623991967,24,40,41,1580,44591002,0
245,1417521262,623991967,5,40,33,998,44405002,0
245,1417521262,623991967,64,40,39,1144,44716000,0
245,1417521262,623991967,13,40,33,998,45424002,5
245,1417521262,624991954,8,40,41,1605,45181002,0
245,1417521262,624991954,3,40,39,1034,45093002,0
246,1417521262,624991954,67,40,39,962,45174000,0
246,1417521262,624991954,54,40,39,1157,45124000,0
246,1417521262,624991954,10,40,39,1098,45291002,0
246,1417521262,632991851,1,40,34,998,44934002,0
246,1417521262,632991851,17,40,32,947,45063002,0
247,1417521262,632991851,19,40,39,1029,44377002,0
247,1417521262,632991851,58,40,39,1107,44770000,0
247,1417521262,632991851,63,40,39,960,44292000,0
247,1417521262,632991851,65,40,41,833,44849000,0
247,1417521262,632991851,66,40,39,1131,45193000,0
248,1417521262,632991851,72,40,39,1146,45239000,0
248,1417521262,632991851,20,40,41,1580,44854002,0
248,1417521262,632991851,50,40,39,1157,45307000,0
248,1417521262,632991851,57,40,41,833,45028000,0
248,1417521262,633991838,59,40,39,962,45517000,0
249,1417521262,633991838,23,40,39,1033,44901002,0
249,1417521262,637991787,11,40,38,1029,45303002,0
249,1417521262,637991787,18,40,38,1121,44244002,0
249,1417521262,637991787,22,40,37,1121,43908002,0
249,1417521262,637991787,62,40,39,1107,45452000,0
250,1417521262,637991787,74,40,39,1157,44787000,0
250,1417521262,638991774,68,40,39,1157,45092000,0
250,1417521262,638991774,7,40,39,1034,44463000,0
250,1417521262,666991413,6,40,39,1091,44855000,0
250,1417521262,666991413,21,40,33,998,44461000,0
251,1417521262,667991400,25,40,32,947,45073000,0
251,1417521262,667991400,60,40,38,1115,43912000,0
251,1417521262,667991400,51,40,39,960,44030000,0
251,1417521262,667991400,15,40,39,1033,45905000,9
251,1417521262,667991400,16,40,41,1605,45462000,0
252,1417521262,667991400,12,40,41,1580,45936000,0
252,1417521262,667991400,56,40,39,1144,45150000,0
252,1417521262,667991400,71,40,39,960,44472000,0
252,1417521262,667991400,69,40,41,833,44578000,0
252,1417521262,667991400,73,40,41,833,45081000,0
253,1417521262,668991387,14,40,38,1121,45073000,0
253,1417521262,668991387,61,40,41,833,45409000,0
253,1417521262,668991387,70,40,38,1131,46562000,1
253,1417521262,668991387,53,40,45,961,45808000,2
253,1417521262,668991387,55,40,39,960,46276000,6
254,1417521262,668991387,52,40,39,1115,45506000,0
254,1417521262,668991387,9,40,34,947,46826000,1
254,1417521262,668991387,2,40,39,1091,47612000,20
254,1417521262,668991387,24,40,41,1580,46965000,13
254,1417521262,668991387,5,40,34,998,47579000,20
255,1417521262,669991375,64,40,39,1144,45961000,20
255,1417521262,669991375,8,40,41,1605,47095000,20
255,1417521262,669991375,13,40,34,998,47699000,18
255,1417521262,669991375,3,40,39,1034,47499000,13
255,1417521262,669991375,67,40,39,960,45506000,9
256,1417521262,669991375,54,40,39,1157,45723000,1
256,1417521262,669991375,4,40,41,1580,47460000,0
256,1417521262,669991375,1,40,29,947,44720000,0
256,1417521262,677991272,17,40,33,947,45053000,0
256,1417521262,677991272,19,40,39,1029,45505000,0
257,1417521262,677991272,58,40,39,1107,45464000,0
257,1417521262,677991272,63,40,39,960,44616000,0
257,1417521262,678991259,66,40,37,1106,45234000,0
257,1417521262,678991259,65,40,46,894,45057000,0
257,1417521262,678991259,20,40,41,1588,45497000,0
258,1417521262,678991259,57,40,41,833,44751000,0
258,1417521262,678991259,72,40,39,1146,44748000,0
258,1417521262,678991259,10,40,39,1091,45458000,0
258,1417521262,678991259,50,40,39,1157,45406000,0
258,1417521262,678991259,59,40,39,960,45167000,0
259,1417521262,678991259,18,40,39,1121,45244000,0
259,1417521262,683991194,23,40,39,1033,45399000,0
259,1417521262,683991194,11,40,39,1029,45121000,0
259,1417521262,683991194,22,40,38,1121,44948000,0
259,1417521262,683991194,74,40,39,1157,44944000,0
260,1417521262,683991194,62,40,39,1097,45025000,0
260,1417521262,683991194,68,40,39,1157,45366000,0
260,1417521262,683991194,7,40,39,1034,44754000,0
260,1417521262,712990821,21,40,34,998,45056000,0
260,1417521262,712990821,6,40,39,1091,45196000,0
261,1417521262,712990821,25,40,33,947,42102000,0
261,1417521262,712990821,12,40,41,1588,41909000,0
261,1417521262,712990821,15,40,39,1033,44148000,0
261,1417521262,712990821,16,40,41,1605,44999000,0
261,1417521262,712990821,51,40,39,960,44258000,0
262,1417521262,712990821,60,40,39,1115,43878000,0
262,1417521262,712990821,14,40,39,1121,41790000,0
262,1417521262,713990808,69,40,41,833,44775000,0
262,1417521262,713990808,56,40,39,1144,44339000,0
262,1417521262,713990808,73,40,41,833,44842000,0
263,1417521262,713990808,71,40,39,960,44147000,0
263,1417521262,713990808,61,40,46,894,45263000,0
263,1417521262,713990808,70,40,39,1131,43724000,0
263,1417521262,713990808,53,40,44,961,46033000,16
263,1417521262,713990808,55,40,39,960,46263000,1
264,1417521262,713990808,2,40,39,1091,43632000,0
264,1417521262,713990808,9,40,35,947,46014000,1
264,1417521262,713990808,24,40,41,1588,47000000,1
264,1417521262,713990808,5,40,29,947,42572000,0
264,1417521262,714990795,64,40,39,1144,44646000,0
265,1417521262,714990795,52,40,37,1094,45607000,1
265,1417521262,714990795,13,40,29,947,44591000,0
265,1417521262,714990795,8,40,41,1615,44539000,0
265,1417521262,714990795,3,40,39,1041,45997000,1
265,1417521262,714990795,54,40,37,1131,46983000,1
266,1417521262,714990795,67,40,39,960,46836000,1
266,1417521262,714990795,4,40,41,1580,36360000,0
266,1417521262,714990795,19,40,39,1033,43908000,0
266,1417521262,723990679,1,40,30,947,43956000,0
266,1417521262,723990679,17,40,34,947,43997000,0
267,1417521262,723990679,63,40,39,965,44995000,0
267,1417521262,723990679,66,40,38,1106,44979000,0
267,1417521262,723990679,58,40,39,1107,45055000,0
267,1417521262,723990679,20,40,41,1588,44878000,0
267,1417521262,723990679,10,40,39,1091,44365000,0
268,1417521262,723990679,57,40,41,833,45070000,0
268,1417521262,723990679,72,40,39,1144,44764000,0
268,1417521262,724990666,65,40,45,894,45139000,0
268,1417521262,724990666,59,40,39,960,45703000,4
268,1417521262,724990666,50,40,37,1131,45382000,0
269,1417521262,724990666,23,40,39,1033,45175000,0
269,1417521262,728990615,11,40,39,1029,45405000,0
269,1417521262,728990615,18,40,37,1098,45133000,0
269,1417521262,728990615,22,40,39,1121,45327000,0
269,1417521262,728990615,62,40,39,1097,44857000,0
270,1417521262,728990615,74,40,37,1131,45142000,0
270,1417521262,729990602,68,40,38,1146,45656000,2
270,1417521262,729990602,6,40,39,1091,44391000,0
270,1417521262,757990242,7,40,39,1041,44001000,0
270,1417521262,757990242,21,40,29,947,45064000,0
271,1417521262,758990229,25,40,34,947,44992000,0
271,1417521262,758990229,15,40,39,1033,45527000,5
271,1417521262,758990229,16,40,41,1615,44606000,0
271,1417521262,758990229,12,40,41,1588,44954000,0
271,1417521262,758990229,73,40,41,833,44723000,0
272,1417521262,758990229,56,40,39,1144,43868000,0
272,1417521262,758990229,14,40,37,1098,43752000,0
272,1417521262,758990229,69,40,41,833,44749000,0
272,1417521262,758990229,51,40,39,960,43880000,0
272,1417521262,758990229,70,40,37,1106,45231000,0
273,1417521262,759990216,60,40,39,1115,44350000,0
273,1417521262,759990216,71,40,39,965,45002000,0
273,1417521262,759990216,53,40,43,961,44857000,0
273,1417521262,759990216,24,40,41,1588,45487000,2
273,1417521262,759990216,2,40,39,1091,47126000,19
274,1417521262,759990216,9,40,36,947,45435000,4
274,1417521262,759990216,55,40,39,960,46199000,17
274,1417521262,759990216,5,40,30,947,45493000,1
274,1417521262,759990216,64,40,38,1133,45006000,0
274,1417521262,759990216,8,40,41,1615,45811000,2
275,1417521262,760990203,52,40,38,1094,46159000,18
275,1417521262,760990203,13,40,30,947,46108000,8
275,1417521262,760990203,3,40,39,1041,46390000,19
275,1417521262,760990203,61,40,45,894,43672000,0
275,1417521262,760990203,54,40,38,1131,46730000,19
276,1417521262,760990203,67,40,39,960,44754000,0
276,1417521262,760990203,4,40,41,1588,37879000,0
276,1417521262,760990203,17,40,35,947,45368000,0
276,1417521262,768990100,1,40,31,947,44324000,0
276,1417521262,768990100,19,40,39,1033,44963000,0
277,1417521262,768990100,66,40,39,1106,44483000,0
277,1417521262,768990100,63,40,39,965,44361000,0
277,1417521262,769990087,58,40,39,1107,44808000,0
277,1417521262,769990087,20,40,41,1588,44774000,0
277,1417521262,769990087,10,40,39,1091,45873000,3
278,1417521262,769990087,72,40,39,1144,44695000,0
278,1417521262,769990087,57,40,41,833,44885000,0
278,1417521262,769990087,65,40,44,894,44750000,0
278,1417521262,769990087,59,40,39,960,45553000,5
278,1417521262,769990087,50,40,38,1131,45483000,0
279,1417521262,769990087,18,40,38,1098,45419000,0
279,1417521262,773990036,22,40,37,1098,45171000,0
279,1417521262,774990023,23,40,39,1033,45239000,0
279,1417521262,774990023,11,40,39,1033,45202000,0
279,1417521262,774990023,62,40,39,1097,44814000,0
280,1417521262,774990023,74,40,38,1131,45342000,0
280,1417521262,774990023,68,40,39,1146,45563000,1
280,1417521262,774990023,7,40,39,1041,43684000,0
280,1417521262,803989649,25,40,35,947,44541000,0
280,1417521262,803989649,21,40,30,947,45118000,0
281,1417521262,803989649,15,40,39,1033,45438000,0
281,1417521262,803989649,6,40,39,1085,45342000,0
281,1417521262,803989649,12,40,41,1588,44619000,0
281,1417521262,804989637,16,40,41,1615,44852000,0
281,1417521262,804989637,14,40,38,1098,45807000,5
282,1417521262,804989637,56,40,38,1133,44241000,0
282,1417521262,804989637,69,40,41,833,43683000,0
282,1417521262,804989637,51,40,39,965,45309000,0
282,1417521262,804989637,60,40,37,1094,44933000,0
282,1417521262,804989637,71,40,39,965,45207000,0
283,1417521262,804989637,70,40,38,1106,43541000,0
283,1417521262,804989637,9,40,37,947,45807000,15
283,1417521262,804989637,24,40,41,1588,46168000,17
283,1417521262,805989624,2,40,39,1091,44612000,0
283,1417521262,805989624,73,40,41,833,45199000,0
284,1417521262,805989624,5,40,31,947,46258000,13
284,1417521262,805989624,64,40,39,1133,43947000,0
284,1417521262,805989624,53,40,42,961,46064000,16
284,1417521262,805989624,8,40,41,1615,46409000,8
284,1417521262,805989624,13,40,31,947,46115000,15
285,1417521262,805989624,3,40,39,1041,44699000,0
285,1417521262,805989624,55,40,39,965,43823000,0
285,1417521262,805989624,54,40,39,1131,45148000,0
285,1417521262,806989611,61,40,44,894,44558000,0
285,1417521262,806989611,67,40,39,965,46595000,28
286,1417521262,806989611,52,40,39,1094,45259000,0
286,1417521262,806989611,4,40,41,1588,45420000,1
286,1417521262,806989611,19,40,39,1033,45715000,3
286,1417521262,814989508,17,40,36,947,44765000,0
286,1417521262,814989508,1,40,32,947,45437000,0
287,1417521262,814989508,63,40,39,965,44251000,0
287,1417521262,814989508,58,40,39,1097,45268000,0
287,1417521262,814989508,66,40,39,1107,44213000,0
287,1417521262,814989508,20,40,41,1605,45533000,3
287,1417521262,814989508,10,40,39,1091,45278000,0
288,1417521262,814989508,57,40,41,833,44848000,0
288,1417521262,814989508,72,40,39,1144,44574000,0
288,1417521262,814989508,65,40,43,894,44757000,0
288,1417521262,815989495,59,40,39,965,45439000,0
288,1417521262,815989495,50,40,39,1131,45549000,1
289,1417521262,815989495,11,40,39,1033,45287000,0
289,1417521262,819989443,18,40,39,1098,45095000,0
289,1417521262,819989443,22,40,38,1098,45411000,0
289,1417521262,819989443,23,40,39,1034,44924000,0
289,1417521262,819989443,62,40,39,1092,44967000,0
290,1417521262,819989443,74,40,39,1131,45222000,0
290,1417521262,819989443,68,40,39,1146,45320000,0
290,1417521262,820989431,21,40,31,947,44970000,0
290,1417521262,848989070,25,40,36,947,44798000,0
290,1417521262,849989057,7,40,39,1041,44918000,0
291,1417521262,849989057,6,40,39,1085,45423000,0
291,1417521262,849989057,15,40,39,1034,44691000,0
291,1417521262,849989057,16,40,41,1615,44864000,0
291,1417521262,849989057,51,40,39,965,45953000,1
291,1417521262,849989057,60,40,38,1094,43687000,0
292,1417521262,849989057,14,40,39,1098,45353000,0
292,1417521262,849989057,71,40,39,965,46124000,1
292,1417521262,850989044,2,40,39,1085,43672000,0
292,1417521262,850989044,12,40,41,1605,45138000,0
292,1417521262,850989044,56,40,39,1133,44412000,0
293,1417521262,850989044,9,40,38,947,43711000,0
293,1417521262,850989044,73,40,41,833,46164000,1
293,1417521262,850989044,24,40,41,1605,44643000,0
293,1417521262,850989044,8,40,41,1615,46464000,12
293,1417521262,850989044,5,40,32,947,44362000,0
294,1417521262,851989031,64,40,39,1133,43778000,0
294,1417521262,851989031,69,40,41,833,43707000,0
294,1417521262,851989031,13,40,32,947,44402000,0
294,1417521262,851989031,3,40,39,1047,44213000,0
294,1417521262,851989031,70,40,39,1106,43210000,0
295,1417521262,851989031,54,40,37,1106,44694000,0
295,1417521262,851989031,53,40,41,961,45486000,0
295,1417521262,851989031,55,40,39,965,44463000,0
295,1417521262,851989031,61,40,43,894,44723000,0
295,1417521262,851989031,67,40,39,965,44657000,0
296,1417521262,852989019,52,40,38,1082,45793000,0
296,1417521262,852989019,4,40,41,1588,45355000,0
296,1417521262,852989019,1,40,33,947,45333000,0
296,1417521262,859988928,17,40,37,947,45051000,0
296,1417521262,859988928,19,40,39,1033,45114000,0
297,1417521262,859988928,58,40,39,1097,45154000,0
297,1417521262,859988928,63,40,39,965,44706000,0
297,1417521262,859988928,66,40,39,1107,44387000,0
297,1417521262,860988916,10,40,39,1085,45074000,0
297,1417521262,860988916,20,40,41,1605,45665000,3
298,1417521262,860988916,57,40,41,833,44905000,0
298,1417521262,860988916,72,40,38,1133,44801000,0
298,1417521262,860988916,65,40,42,894,44716000,0
298,1417521262,860988916,50,40,37,1106,45306000,0
298,1417521262,860988916,59,40,39,965,45098000,0
299,1417521262,860988916,11,40,39,1033,45339000,0
299,1417521262,864988864,18,40,39,1091,45080000,0
299,1417521262,864988864,22,40,39,1098,45339000,0
299,1417521262,865988851,23,40,39,1034,45248000,0
299,1417521262,865988851,74,40,37,1106,45411000,0
300,1417521262,865988851,62,40,39,1092,45041000,0
300,1417521262,865988851,68,40,39,1144,45411000,0
300,1417521262,865988851,7,40,39,1047,45077000,0
300,1417521262,894988478,25,40,37,947,43119000,0
300,1417521262,894988478,16,40,41,1615,43706000,0
301,1417521262,894988478,9,40,39,947,45651000,11
301,1417521262,894988478,8,40,41,1620,44283000,0
301,1417521262,894988478,12,40,41,1605,45883000,7
301,1417521262,894988478,21,40,32,947,44393000,0
301,1417521262,895988465,56,40,39,1133,44703000,0
302,1417521262,895988465,24,40,41,1605,45001000,0
302,1417521262,895988465,73,40,46,894,44937000,0
302,1417521262,895988465,6,40,39,1085,45617000,0
302,1417521262,895988465,2,40,39,1085,45258000,0
302,1417521262,895988465,14,40,39,1091,43807000,0
303,1417521262,895988465,69,40,41,833,43340000,0
303,1417521262,895988465,64,40,39,1133,43724000,0
303,1417521262,895988465,13,40,33,947,44595000,0
303,1417521262,895988465,71,40,39,965,45333000,0
303,1417521262,896988452,5,40,33,947,44853000,0
304,1417521262,896988452,15,40,39,1034,44150000,0
304,1417521262,896988452,60,40,39,1094,43769000,0
304,1417521262,896988452,3,40,39,1047,46183000,10
304,1417521262,896988452,51,40,39,965,45190000,0
304,1417521262,896988452,54,40,38,1106,43810000,0
305,1417521262,896988452,70,40,39,1107,44535000,0
305,1417521262,896988452,55,40,39,965,45411000,0
305,1417521262,896988452,61,40,42,894,44505000,0
305,1417521262,896988452,67,40,39,965,44829000,0
305,1417521262,897988439,52,40,39,1082,45995000,6
306,1417521262,897988439,53,40,41,961,45011000,0
306,1417521262,897988439,4,40,41,1605,37042000,0
306,1417521262,897988439,17,40,38,947,44527000,0
306,1417521262,904988349,19,40,39,1034,45431000,0
306,1417521262,905988336,1,40,34,947,45029000,0
307,1417521262,905988336,63,40,39,961,44872000,0
307,1417521262,905988336,58,40,39,1097,45015000,0
307,1417521262,905988336,66,40,39,1107,44514000,0
307,1417521262,905988336,20,40,41,1605,45407000,0
307,1417521262,905988336,10,40,39,1085,45352000,0
308,1417521262,905988336,65,40,41,894,44725000,0
308,1417521262,905988336,57,40,41,833,44809000,0
308,1417521262,905988336,72,40,39,1133,44848000,0
308,1417521262,905988336,59,40,39,965,44688000,0
308,1417521262,905988336,50,40,38,1106,45305000,0
309,1417521262,905988336,22,40,39,1091,45435000,0
309,1417521262,910988272,18,40,39,1091,45405000,0
309,1417521262,910988272,11,40,39,1033,45353000,0
309,1417521262,910988272,23,40,39,1034,44951000,0
309,1417521262,910988272,74,40,38,1106,45446000,0
310,1417521262,910988272,62,40,39,1092,45200000,0
310,1417521262,910988272,68,40,39,1144,45212000,0
310,1417521262,910988272,16,40,41,1620,44694000,0
310,1417521262,939987898,25,40,38,947,43809000,0
310,1417521262,940987886,9,40,39,947,44994000,0
311,1417521262,940987886,7,40,39,1047,44340000,0
311,1417521262,940987886,21,40,33,947,44503000,0
311,1417521262,940987886,6,40,39,1084,45029000,0
311,1417521262,940987886,8,40,41,1620,45686000,3
311,1417521262,940987886,24,40,41,1605,43152000,0
312,1417521262,940987886,5,40,34,947,44512000,0
312,1417521262,940987886,14,40,39,1091,44013000,0
312,1417521262,940987886,69,40,46,894,44044000,0
312,1417521262,940987886,64,40,38,1115,44921000,0
312,1417521262,941987873,13,40,34,947,43686000,0
313,1417521262,941987873,2,40,39,1085,44811000,0
313,1417521262,941987873,12,40,41,1605,43929000,0
313,1417521262,941987873,51,40,39,965,43856000,0
313,1417521262,941987873,60,40,38,1082,43565000,0
313,1417521262,941987873,3,40,39,1047,45275000,0
314,1417521262,941987873,15,40,39,1034,43731000,0
314,1417521262,941987873,71,40,39,961,43840000,0
314,1417521262,941987873,73,40,45,894,44556000,0
314,1417521262,941987873,56,40,39,1133,43962000,0
314,1417521262,942987860,70,40,39,1107,45691000,7
315,1417521262,942987860,55,40,39,965,45731000,26
315,1417521262,942987860,61,40,41,894,45609000,20
315,1417521262,942987860,54,40,39,1106,45545000,0
315,1417521262,942987860,67,40,39,965,44524000,0
315,1417521262,942987860,52,40,39,1082,44927000,0
316,1417521262,942987860,53,40,41,961,46358000,25
316,1417521262,942987860,4,40,41,1605,45315000,1
316,1417521262,942987860,10,40,39,1085,45477000,0
316,1417521262,950987757,20,40,41,1615,45700000,5
316,1417521262,950987757,17,40,39,947,45007000,0
317,1417521262,950987757,58,40,39,1092,45166000,0
317,1417521262,950987757,1,40,35,947,44608000,0
317,1417521262,950987757,63,40,39,961,45003001,0
317,1417521262,950987757,66,40,39,1107,44692001,0
317,1417521262,951987744,19,40,39,1034,45243000,0
318,1417521262,951987744,59,40,39,965,44667000,0
318,1417521262,951987744,65,40,46,961,44778000,0
318,1417521262,951987744,72,40,39,1133,44587000,0
318,1417521262,951987744,57,40,46,894,44609000,0
318,1417521262,951987744,50,40,39,1106,40011001,0
319,1417521262,951987744,23,40,39,1041,44741000,0
319,1417521262,955987692,18,40,39,1091,45292000,0
319,1417521262,955987692,11,40,39,1034,45245000,0
319,1417521262,955987692,22,40,39,1091,45472000,0
319,1417521262,956987680,74,40,39,1106,45414000,0
320,1417521262,956987680,62,40,39,1100,45235000,0
320,1417521262,956987680,68,40,39,1144,45382001,0
320,1417521262,956987680,25,40,39,947,44476000,0
320,1417521262,985987306,7,40,39,1047,42808000,0
320,1417521262,985987306,6,40,39,1084,43257001,0
321,1417521262,985987306,5,40,35,947,45530000,2
321,1417521262,985987306,8,40,41,1620,45250000,0
321,1417521262,985987306,13,40,35,947,46100000,1
321,1417521262,986987293,14,40,39,1091,46154000,2
321,1417521262,986987293,3,40,39,1047,44714000,0
322,1417521262,986987293,12,40,41,1615,44616000,0
322,1417521262,986987293,2,40,39,1084,45044001,0
322,1417521262,986987293,15,40,39,1041,44104000,0
322,1417521262,986987293,73,40,44,894,43403001,0
322,1417521262,986987293,51,40,39,961,44416001,0
323,1417521262,986987293,24,40,41,1615,44456000,0
323,1417521262,986987293,21,40,34,947,45079000,0
323,1417521262,986987293,9,40,39,947,44431000,0
323,1417521262,987987280,56,40,38,1115,44587000,0
323,1417521262,987987280,60,40,39,1082,43984001,0
324,1417521262,987987280,71,40,39,961,43473001,0
324,1417521262,987987280,16,40,41,1620,44441000,0
324,1417521262,987987280,64,40,39,1115,45520001,0
324,1417521262,987987280,69,40,45,894,44174001,0
324,1417521262,987987280,70,40,39,1107,45055001,0
325,1417521262,987987280,54,40,39,1107,45281000,1
325,1417521262,987987280,55,40,39,961,43931000,0
325,1417521262,987987280,61,40,46,961,45370000,0
325,1417521262,987987280,67,40,39,961,45243001,0
325,1417521262,988987268,52,40,39,1082,45076000,0
326,1417521262,988987268,4,40,41,1605,45163001,0
326,1417521262,988987268,53,40,41,961,45314000,0
326,1417521262,988987268,1,40,36,947,44463000,0
326,1417521262,995987177,17,40,39,947,44689001,0
326,1417521262,996987165,20,40,41,1615,45177001,0
327,1417521262,996987165,10,40,39,1084,45441000,0
327,1417521262,996987165,66,40,39,1097,44900001,0
327,1417521262,996987165,63,40,39,961,44893000,0
327,1417521262,996987165,58,40,39,1092,44592000,0
327,1417521262,996987165,19,40,39,1034,45314000,0
328,1417521262,996987165,65,40,45,961,45257000,0
328,1417521262,996987165,72,40,39,1133,44948001,0
328,1417521262,996987165,59,40,39,961,44949001,0
328,1417521262,997987152,57,40,45,894,44954001,0
328,1417521262,997987152,50,40,39,1107,45635001,13
329,1417521262,997987152,18,40,39,1091,44906001,0
329,1417521263,1999975,22,40,39,1091,45340000,0
329,1417521263,1999975,11,40,39,1034,44799000,0
329,1417521263,1999975,23,40,39,1041,45054000,0
329,1417521263,1999975,74,40,39,1107,45440001,0
330,1417521263,1999975,68,40,38,1133,45471000,0
330,1417521263,1999975,62,40,39,1100,45222000,0
330,1417521263,1999975,8,40,41,1620,44656001,0
330,1417521263,31999589,12,40,41,1615,44415001,0
330,1417521263,31999589,13,40,36,947,44872001,0
331,1417521263,31999589,3,40,39,1037,44362001,0
331,1417521263,31999589,24,40,41,1615,45299000,0
331,1417521263,31999589,2,40,39,1084,44214000,0
331,1417521263,31999589,25,40,39,947,44195000,0
331,1417521263,31999589,15,40,39,1041,44787001,0
332,1417521263,31999589,21,40,35,947,44526001,0
332,1417521263,31999589,56,40,39,1115,44586001,0
332,1417521263,32999576,60,40,39,1082,44043001,0
332,1417521263,32999576,7,40,39,1047,43770001,0
332,1417521263,32999576,9,40,39,947,44202000,0
333,1417521263,32999576,64,40,39,1115,44959001,0
333,1417521263,32999576,16,40,41,1620,44027001,0
333,1417521263,32999576,69,40,44,894,44116001,0
333,1417521263,32999576,6,40,39,1084,45001001,0
333,1417521263,32999576,54,40,39,1107,44564001,0
334,1417521263,32999576,5,40,36,947,45707000,0
334,1417521263,32999576,51,40,39,961,43577001,0
334,1417521263,33999563,73,40,43,894,43546001,0
334,1417521263,33999563,70,40,39,1107,44031001,0
334,1417521263,33999563,55,40,39,961,43935001,0
335,1417521263,33999563,4,40,41,1615,45812001,6
335,1417521263,33999563,67,40,39,961,44344001,0
335,1417521263,33999563,53,40,41,961,44802001,0
335,1417521263,33999563,61,40,45,961,45545001,0
335,1417521263,33999563,14,40,39,1091,46793001,0
336,1417521263,33999563,52,40,39,1079,45267001,0
336,1417521263,33999563,71,40,39,961,43340001,0
336,1417521263,33999563,20,40,41,1615,45104001,0
336,1417521263,41999460,17,40,39,947,44805000,0
336,1417521263,41999460,1,40,37,947,44082000,0
337,1417521263,41999460,10,40,39,1084,44314000,0
337,1417521263,41999460,63,40,39,967,44899001,0
337,1417521263,41999460,66,40,39,1097,44646001,0
337,1417521263,41999460,58,40,39,1092,44913001,0
337,1417521263,42999447,19,40,39,1041,45247001,0
338,1417521263,42999447,72,40,38,1115,44895001,0
338,1417521263,42999447,59,40,39,961,45399001,0
338,1417521263,42999447,65,40,44,961,45001001,0
338,1417521263,42999447,50,40,39,1107,45569001,0
338,1417521263,42999447,57,40,44,894,45659001,0
339,1417521263,42999447,18,40,39,1085,45206001,0
339,1417521263,46999395,23,40,39,1041,44804001,0
339,1417521263,46999395,11,40,39,1034,45173001,0
339,1417521263,46999395,22,40,39,1091,45328001,0
339,1417521263,47999383,74,40,39,1107,45410001,0
340,1417521263,47999383,62,40,39,1100,45452001,0
340,1417521263,47999383,68,40,39,1133,45338001,0
340,1417521263,47999383,13,40,37,947,45247001,0
340,1417521263,76999009,3,40,39,1037,43689001,0
340,1417521263,77998996,2,40,39,1084,44259001,0
341,1417521263,77998996,25,40,39,947,45101001,0
341,1417521263,77998996,7,40,39,1037,43529001,0
341,1417521263,77998996,24,40,41,1615,44010001,0
341,1417521263,77998996,16,40,41,1620,44717001,0
341,1417521263,77998996,64,40,37,1094,45199001,0
342,1417521263,77998996,69,40,43,894,44237001,0
342,1417521263,77998996,8,40,41,1620,44988001,0
342,1417521263,77998996,12,40,41,1615,44126001,0
342,1417521263,77998996,9,40,32,871,44839001,0
342,1417521263,77998996,6,40,39,1081,43913001,0
343,1417521263,77998996,51,40,39,961,44119001,0
343,1417521263,78998983,73,40,42,894,44473001,0
343,1417521263,78998983,15,40,39,1041,45341001,0
343,1417521263,78998983,5,40,37,947,45619001,0
343,1417521263,78998983,54,40,39,1107,43378001,0
344,1417521263,78998983,56,40,39,1115,44070001,0
344,1417521263,78998983,4,40,41,1615,45404001,2
344,1417521263,78998983,60,40,39,1082,44377001,0
344,1417521263,78998983,21,40,36,947,45346001,0
344,1417521263,78998983,70,40,39,1097,43634001,0
345,1417521263,78998983,55,40,39,961,45125001,0
345,1417521263,78998983,14,40,39,1085,47474001,1
345,1417521263,78998983,67,40,39,961,44059001,0
345,1417521263,78998983,53,40,41,961,46075001,3
345,1417521263,78998983,61,40,44,961,46040001,28
346,1417521263,79998971,52,40,39,1079,45853001,0
346,1417521263,79998971,71,40,39,967,44972001,0
346,1417521263,79998971,1,40,38,947,44334001,0
346,1417521263,86998880,20,40,41,1615,45287001,0
346,1417521263,86998880,10,40,39,1084,45308001,0
347,1417521263,87998868,17,40,39,947,44646001,0
347,1417521263,87998868,58,40,39,1100,45118001,0
347,1417521263,87998868,63,40,39,967,44264001,0
347,1417521263,87998868,66,40,39,1097,44403001,0
347,1417521263,87998868,19,40,39,1041,44780001,0
348,1417521263,87998868,59,40,39,961,45280001,0
348,1417521263,87998868,72,40,39,1115,44825001,0
348,1417521263,87998868,65,40,43,961,45113001,0
348,1417521263,87998868,50,40,39,1107,45259001,0
348,1417521263,87998868,57,40,43,894,46510001,1
349,1417521263,88998855,22,40,39,1085,45454001,0
349,1417521263,92998803,18,40,39,1085,45199001,0
349,1417521263,92998803,11,40,39,1041,44738001,0
349,1417521263,92998803,23,40,39,1047,45305001,0
349,1417521263,92998803,74,40,39,1107,45462001,0
350,1417521263,92998803,68,40,39,1133,45267001,0
350,1417521263,92998803,62,40,39,1100,45103001,0
350,1417521263,92998803,7,40,39,1037,43711001,0
350,1417521263,122998417,3,40,39,1037,43925001,0
350,1417521263,122998417,13,40,38,947,43221001,0
351,1417521263,122998417,12,40,41,1615,43758001,0
351,1417521263,122998417,16,40,41,1620,45364001,0
351,1417521263,122998417,8,40,41,1620,44791001,0
351,1417521263,122998417,24,40,41,1615,44569001,0
351,1417521263,122998417,6,40,39,1081,44518001,0
352,1417521263,122998417,51,40,39,967,44567001,0
352,1417521263,123998404,2,40,39,1081,44853001,0
352,1417521263,123998404,73,40,41,894,38596001,0
352,1417521263,123998404,5,40,38,947,44074001,0
352,1417521263,123998404,25,40,39,947,45161001,0
353,1417521263,123998404,15,40,39,1047,43955001,0
353,1417521263,123998404,21,40,37,947,45801001,0
353,1417521263,123998404,60,40,39,1079,45468001,0
353,1417521263,123998404,56,40,37,1094,42084001,0
353,1417521263,123998404,54,40,39,1107,39273001,0
354,1417521263,124998391,4,40,41,1615,45587001,24
354,1417521263,124998391,69,40,42,894,44118001,0
354,1417521263,124998391,9,40,33,871,44285001,0
354,1417521263,124998391,14,40,39,1085,44567001,0
354,1417521263,124998391,64,40,38,1094,45722001,0
355,1417521263,124998391,55,40,39,967,40263001,0
355,1417521263,124998391,53,40,41,961,46148001,24
355,1417521263,124998391,61,40,43,961,45162001,0
355,1417521263,124998391,52,40,39,1079,45276001,0
355,1417521263,124998391,71,40,39,967,44895001,0
356,1417521263,124998391,67,40,39,967,38756001,0
356,1417521263,125998378,70,40,39,1097,44727001,0
356,1417521263,125998378,1,40,39,947,44334001,0
356,1417521263,132998288,17,40,32,871,44790001,0
356,1417521263,132998288,20,40,41,1620,45066001,0
357,1417521263,132998288,10,40,39,1081,45305001,0
357,1417521263,132998288,58,40,39,1100,45013001,0
357,1417521263,132998288,63,40,39,967,44713001,0
357,1417521263,132998288,66,40,39,1092,44656001,0
357,1417521263,132998288,19,40,39,1041,44120001,0
358,1417521263,132998288,59,40,39,967,45058001,0
358,1417521263,132998288,50,40,39,1107,45859001,11
358,1417521263,133998275,65,40,42,961,44490001,0
358,1417521263,133998275,57,40,42,894,45064001,0
358,1417521263,133998275,72,40,39,1115,45124001,0
359,1417521263,133998275,18,40,39,1085,45128001,0
359,1417521263,137998224,11,40,39,1041,44961001,0
359,1417521263,137998224,22,40,39,1085,45378001,0
359,1417521263,137998224,23,40,39,1047,45403001,0
359,1417521263,137998224,74,40,39,1107,45217001,0
360,1417521263,137998224,62,40,37,1073,45168001,0
360,1417521263,138998211,68,40,39,1133,45177001,0
360,1417521263,138998211,13,40,39,947,43311001,0
360,1417521263,167997838,16,40,41,1620,43524001,0
360,1417521263,167997838,8,40,40,1618,44692001,0
361,1417521263,167997838,24,40,41,1620,45335001,0
361,1417521263,168997825,2,40,39,1081,45127001,0
361,1417521263,168997825,21,40,38,947,44656001,0
361,1417521263,168997825,25,40,32,871,44323001,0
361,1417521263,168997825,6,40,39,1081,45339001,0
362,1417521263,168997825,4,40,41,1615,45118001,0
362,1417521263,168997825,7,40,39,1037,45219001,0
362,1417521263,168997825,69,40,41,894,43447001,0
362,1417521263,168997825,56,40,38,1094,44098001,0
362,1417521263,168997825,12,40,41,1620,44526001,0
363,1417521263,168997825,3,40,39,1029,45071001,0
363,1417521263,169997812,9,40,34,871,43862001,0
363,1417521263,169997812,14,40,39,1085,44348001,0
363,1417521263,169997812,60,40,39,1079,45571001,0
363,1417521263,169997812,15,40,39,1047,43391001,0
364,1417521263,169997812,54,40,39,1097,43774001,0
364,1417521263,169997812,5,40,39,947,44062001,0
364,1417521263,169997812,73,40,46,961,43742001,0
364,1417521263,169997812,55,40,39,967,45142001,0
364,1417521263,169997812,64,40,39,1094,45763001,2
365,1417521263,169997812,53,40,41,961,45030001,0
365,1417521263,170997799,51,40,39,967,43977001,0
365,1417521263,170997799,61,40,42,961,45785001,27
365,1417521263,170997799,52,40,39,1072,45989001,1
365,1417521263,170997799,67,40,39,967,44507001,0
366,1417521263,170997799,70,40,39,1097,44936001,0
366,1417521263,170997799,71,40,39,967,46006001,1
366,1417521263,170997799,1,40,39,947,45006001,0
366,1417521263,177997709,17,40,33,871,45427001,0
366,1417521263,177997709,20,40,41,1620,45292001,0
367,1417521263,177997709,10,40,39,1081,44928001,0
367,1417521263,178997696,58,40,39,1100,45283001,0
367,1417521263,178997696,63,40,40,986,44616001,0
367,1417521263,178997696,66,40,39,1092,44764001,0
367,1417521263,178997696,19,40,39,1047,44700001,0
368,1417521263,178997696,59,40,39,967,45313001,0
368,1417521263,178997696,50,40,39,1097,45394001,0
368,1417521263,178997696,72,40,37,1094,45506001,0
368,1417521263,178997696,57,40,41,894,44898001,0
368,1417521263,178997696,65,40,41,961,44753001,0
369,1417521263,178997696,11,40,39,1041,45037001,0
369,1417521263,182997644,18,40,39,1084,45100001,0
369,1417521263,183997632,22,40,39,1085,45293001,0
369,1417521263,183997632,23,40,39,1047,45371001,0
369,1417521263,183997632,74,40,39,1097,44952001,0
370,1417521263,183997632,62,40,38,1073,45077001,0
370,1417521263,183997632,68,40,38,1115,45937001,1
370,1417521263,183997632,2,40,39,1081,44682001,0
370,1417521263,213997245,24,40,41,1620,45080001,0
370,1417521263,213997245,13,40,39,947,43886001,0
371,1417521263,213997245,25,40,33,871,44694001,0
371,1417521263,213997245,7,40,39,1029,43795001,0
371,1417521263,213997245,14,40,39,1084,43625001,0
371,1417521263,214997232,4,40,41,1620,43651001,0
371,1417521263,214997232,3,40,39,1029,43656001,0
372,1417521263,214997232,12,40,41,1620,45562001,0
372,1417521263,214997232,56,40,39,1094,44345001,0
372,1417521263,214997232,9,40,35,871,43701001,0
372,1417521263,214997232,8,40,40,1618,44063001,0
372,1417521263,214997232,60,40,39,1079,44976001,0
373,1417521263,214997232,5,40,39,947,46546001,2
373,1417521263,214997232,15,40,39,1047,44047001,0
373,1417521263,214997232,54,40,39,1097,43340001,0
373,1417521263,215997220,21,40,39,947,44781001,0
373,1417521263,216997207,6,40,39,1081,44902001,0
374,1417521263,216997207,16,40,40,1618,44732001,0
374,1417521263,216997207,51,40,39,967,44784001,0
374,1417521263,216997207,55,40,39,967,44997001,0
374,1417521263,216997207,53,40,41,961,45394001,0
374,1417521263,216997207,69,40,46,961,44070001,0
375,1417521263,217997194,61,40,41,961,45290001,0
375,1417521263,217997194,73,40,45,961,43996001,0
375,1417521263,217997194,67,40,39,967,44572001,0
375,1417521263,217997194,64,40,38,1082,45874001,9
375,1417521263,217997194,70,40,39,1092,44852001,0
376,1417521263,217997194,71,40,40,986,46106001,29
376,1417521263,217997194,52,40,39,1072,46033001,26
376,1417521263,217997194,17,40,34,871,45020001,0
376,1417521263,223997117,10,40,39,1081,45305001,0
376,1417521263,223997117,20,40,41,1620,45119001,0
377,1417521263,223997117,1,40,39,947,45418001,0
377,1417521263,223997117,50,40,39,1097,44927001,0
377,1417521263,223997117,19,40,39,1047,45285001,0
377,1417521263,223997117,63,40,40,986,44323001,0
377,1417521263,223997117,59,40,39,967,44887001,0
378,1417521263,224997104,57,40,46,961,44977001,0
378,1417521263,224997104,58,40,39,1100,45309001,0
378,1417521263,224997104,65,40,41,961,45060001,0
378,1417521263,224997104,66,40,39,1092,45318001,0
378,1417521263,224997104,72,40,38,1094,45631001,3
379,1417521263,224997104,23,40,39,1047,45300001,0
379,1417521263,228997052,22,40,39,1084,45442001,0
379,1417521263,228997052,18,40,39,1084,45300001,0
379,1417521263,228997052,11,40,39,1047,45209001,0
379,1417521263,228997052,74,40,39,1097,44864001,0
380,1417521263,228997052,62,40,39,1073,44846001,0
380,1417521263,229997039,68,40,39,1115,45229001,0
380,1417521263,229997039,25,40,34,871,44384001,0
380,1417521263,258996666,24,40,41,1620,45002001,0
380,1417521263,259996653,13,40,39,947,42982001,0
381,1417521263,259996653,7,40,39,1029,43933001,0
381,1417521263,259996653,8,40,40,1618,44790001,0
381,1417521263,259996653,9,40,36,871,43797001,0
381,1417521263,259996653,60,40,39,1072,43735001,0
381,1417521263,259996653,56,40,38,1082,43362001,0
382,1417521263,259996653,12,40,41,1620,44545001,0
382,1417521263,259996653,2,40,39,1081,45366001,0
382,1417521263,259996653,21,40,39,947,44151001,0
382,1417521263,259996653,15,40,39,1047,43636001,0
382,1417521263,259996653,14,40,39,1084,44310001,0
383,1417521263,260996640,6,40,38,1069,44663001,0
383,1417521263,260996640,54,40,39,1097,44478001,0
383,1417521263,260996640,5,40,39,947,44227001,0
383,1417521263,260996640,4,40,41,1620,45097001,0
383,1417521263,260996640,69,40,45,961,43553001,0
384,1417521263,260996640,53,40,44,1009,44669001,0
384,1417521263,260996640,55,40,40,986,45002001,0
384,1417521263,260996640,3,40,39,1029,44095001,0
384,1417521263,260996640,73,40,44,961,44018001,0
384,1417521263,260996640,61,40,41,961,44551001,0
385,1417521263,260996640,64,40,39,1082,45573001,0
385,1417521263,260996640,16,40,40,1618,44859001,0
385,1417521263,260996640,67,40,40,986,44018001,0
385,1417521263,260996640,51,40,40,986,44287001,0
385,1417521263,261996627,70,40,39,1092,44665001,0
386,1417521263,261996627,71,40,40,986,44499001,0
386,1417521263,261996627,52,40,39,1072,45841001,0
386,1417521263,261996627,10,40,39,1081,45192001,0
386,1417521263,268996537,17,40,35,871,45079001,0
386,1417521263,268996537,20,40,41,1620,44317001,0
387,1417521263,268996537,1,40,39,947,45211001,0
387,1417521263,268996537,50,40,39,1097,45211001,0
387,1417521263,268996537,63,40,40,986,44443001,0
387,1417521263,269996524,19,40,39,1047,44700001,0
387,1417521263,269996524,65,40,41,961,44582001,0
388,1417521263,269996524,57,40,45,961,44831001,0
388,1417521263,269996524,58,40,37,1073,44898001,0
388,1417521263,269996524,66,40,39,1100,45134001,0
388,1417521263,269996524,72,40,39,1094,45388001,0
388,1417521263,269996524,59,40,40,986,45152001,0
389,1417521263,269996524,23,40,39,1037,45303001,0
389,1417521263,273996473,18,40,39,1084,45016001,0
389,1417521263,273996473,22,40,39,1084,45228001,0
389,1417521263,274996460,11,40,39,1047,45242001,0
389,1417521263,274996460,74,40,39,1097,45264001,0
390,1417521263,274996460,62,40,37,1050,44923001,0
390,1417521263,274996460,68,40,39,1115,45406001,0
390,1417521263,274996460,8,40,40,1618,45217001,0
390,1417521263,304996074,24,40,41,1620,43722001,0
390,1417521263,304996074,9,40,37,871,43137001,0
391,1417521263,304996074,25,40,35,871,45157001,0
391,1417521263,304996074,21,40,39,947,43950001,0
391,1417521263,304996074,60,40,39,1072,43841001,0
391,1417521263,304996074,2,40,38,1069,44459001,0
391,1417521263,305996061,56,40,39,1082,43700001,0
392,1417521263,305996061,14,40,39,1084,45020001,0
392,1417521263,305996061,6,40,39,1069,45097001,0
392,1417521263,305996061,69,40,44,961,43691001,0
392,1417521263,305996061,54,40,39,1092,43615001,0
392,1417521263,305996061,12,40,41,1620,43868001,0
393,1417521263,305996061,7,40,39,1029,43662001,0
393,1417521263,305996061,4,40,41,1620,45112001,0
393,1417521263,305996061,13,40,39,947,43954001,0
393,1417521263,305996061,5,40,39,947,45627001,0
393,1417521263,306996048,55,40,40,986,43622001,0
394,1417521263,306996048,15,40,39,1037,45171001,0
394,1417521263,306996048,73,40,43,961,44174001,0
394,1417521263,306996048,3,40,39,1021,44310001,0
394,1417521263,306996048,53,40,43,1009,44942001,0
394,1417521263,306996048,51,40,40,986,45655001,0
395,1417521263,306996048,16,40,40,1618,44979001,0
395,1417521263,306996048,64,40,39,1082,45562001,1
395,1417521263,306996048,67,40,40,986,45036001,0
395,1417521263,306996048,70,40,39,1092,43950001,0
395,1417521263,306996048,71,40,40,986,45006001,0
396,1417521263,307996035,52,40,39,1064,45563001,0
396,1417521263,307996035,61,40,41,961,46191001,0
396,1417521263,307996035,17,40,36,871,45051001,0
396,1417521263,313995958,20,40,41,1620,44460001,0
396,1417521263,314995945,10,40,38,1069,45251001,0
397,1417521263,314995945,1,40,32,871,45035001,0
397,1417521263,314995945,19,40,39,1047,45348001,0
397,1417521263,314995945,50,40,39,1092,45243001,0
397,1417521263,314995945,65,40,41,961,44697001,0
397,1417521263,314995945,66,40,39,1100,45138001,0
398,1417521263,314995945,58,40,38,1073,44850001,0
398,1417521263,314995945,57,40,44,961,44668001,0
398,1417521263,314995945,59,40,40,986,44918001,0
398,1417521263,314995945,63,40,40,986,45141001,0
398,1417521263,314995945,72,40,38,1082,45523001,0
399,1417521263,315995932,23,40,39,1037,45383001,0
399,1417521263,319995881,22,40,39,1084,44821001,0
399,1417521263,319995881,18,40,39,1081,44679001,0
399,1417521263,319995881,11,40,39,1047,44713001,0
399,1417521263,319995881,74,40,39,1092,45162001,0
400,1417521263,319995881,62,40,38,1050,44952001,0
400,1417521263,319995881,68,40,37,1094,45306001,0
400,1417521263,319995881,2,40,39,1069,45339001,0
400,1417521263,350995482,9,40,34,836,43263001,0
400,1417521263,350995482,24,40,41,1620,43197001,0
401,1417521263,350995482,21,40,39,947,45197001,0
401,1417521263,350995482,56,40,39,1082,44116001,0
401,1417521263,350995482,54,40,39,1092,43606001,0
401,1417521263,350995482,69,40,43,961,43597001,0
401,1417521263,350995482,7,40,39,1021,43853001,0
402,1417521263,350995482,55,40,40,986,43537001,0
402,1417521263,350995482,73,40,42,961,44287001,0
402,1417521263,351995469,6,40,39,1069,44655001,0
402,1417521263,351995469,53,40,42,1009,45958001,2
402,1417521263,351995469,12,40,41,1620,45224001,0
403,1417521263,351995469,51,40,40,986,45985001,20
403,1417521263,351995469,67,40,40,986,45074001,0
403,1417521263,351995469,64,40,39,1082,45783001,26
403,1417521263,351995469,8,40,41,1628,43836001,0
403,1417521263,351995469,60,40,39,1072,45137001,0
404,1417521263,351995469,70,40,39,1100,44337001,0
404,1417521263,352995456,14,40,39,1081,44572001,0
404,1417521263,352995456,13,40,32,871,44803001,0
404,1417521263,352995456,71,40,40,986,45080001,0
404,1417521263,352995456,15,40,39,1037,44559001,0
405,1417521263,352995456,52,40,39,1064,44878001,0
405,1417521263,352995456,5,40,32,871,45026001,0
405,1417521263,352995456,4,40,41,1620,44522001,0
405,1417521263,352995456,61,40,41,961,44995001,0
405,1417521263,352995456,3,40,39,1021,45381001,0
406,1417521263,352995456,16,40,40,1618,45818001,21
406,1417521263,352995456,25,40,36,871,44713001,0
406,1417521263,353995443,10,40,39,1069,44721001,0
