Simulation time,DDS time seconds,DDS time nanoseconds,Turbine Id,Setpoint,Current production,Max production,MS since last write,Cache count
0,1417521558,810989559,53,200,199,954,16792000,0
0,1417521558,857988954,1,200,201,1299,19541000,0
0,1417521558,857988954,2,200,201,2347,20162000,0
1,1417521558,857988954,3,200,201,1347,20170000,0
1,1417521558,857988954,5,200,201,1299,20206000,0
1,1417521558,857988954,50,200,199,1420,20307000,0
1,1417521558,861988903,51,200,199,2058,20304000,0
1,1417521558,861988903,52,200,199,1652,20051000,0
2,1417521558,861988903,54,200,199,1415,20221000,0
2,1417521558,861988903,4,200,200,1240,13249000,0
2,1417521558,863988877,53,200,199,954,16832000,0
2,1417521558,870988787,1,200,201,1299,19590000,0
2,1417521558,875988722,2,200,199,2334,20185000,0
3,1417521558,875988722,5,200,201,1299,20166000,0
3,1417521558,875988722,3,200,201,1347,20185000,0
3,1417521558,875988722,51,200,196,2023,20327000,0
3,1417521558,881988645,50,200,199,1420,20407000,0
3,1417521558,881988645,54,200,199,1420,17417000,0
4,1417521558,881988645,52,200,199,1650,17572000,0
4,1417521558,881988645,4,200,200,1240,13170000,0
4,1417521558,884988607,53,200,199,954,16947000,0
4,1417521558,891988516,1,200,201,1299,19690000,0
4,1417521558,894988478,5,200,201,1299,20176000,0
5,1417521558,894988478,3,200,201,1347,20182000,0
5,1417521558,894988478,2,200,199,2334,20164000,0
5,1417521558,895988465,51,200,197,2023,20331000,0
5,1417521558,901988388,50,200,199,1420,20403000,0
5,1417521558,901988388,54,200,199,1420,20412001,1
6,1417521558,902988375,52,200,199,1650,20448001,2
6,1417521558,902988375,4,200,201,1251,13164000,0
6,1417521558,904988349,53,200,194,903,17027000,0
6,1417521558,911988259,1,200,201,1299,19819000,0
6,1417521558,914988220,2,200,199,2334,20219000,0
7,1417521558,914988220,5,200,201,1299,20239000,0
7,1417521558,915988207,3,200,201,1347,20220000,0
7,1417521558,915988207,54,200,199,1420,20574000,3
7,1417521558,922988117,51,200,198,2023,20529001,1
7,1417521558,922988117,52,200,199,1650,20395001,1
8,1417521558,922988117,50,200,199,1420,17538000,0
8,1417521558,923988104,4,200,201,1251,13107000,0
8,1417521558,924988092,53,200,195,903,17160000,0
8,1417521558,932987989,1,200,201,1299,20370001,1
8,1417521558,935987950,5,200,201,1299,20177001,0
9,1417521558,935987950,3,200,202,1373,20177001,0
9,1417521558,935987950,2,200,199,2324,20104000,0
9,1417521558,935987950,54,200,199,1420,20267001,0
9,1417521558,942987860,51,200,192,1954,20146001,0
9,1417521558,942987860,52,200,199,1650,20470001,1
10,1417521558,942987860,50,200,199,1419,20943001,1
10,1417521558,942987860,4,200,201,1251,12977001,0
10,1417521558,945987821,53,200,196,903,17370001,0
10,1417521558,952987731,1,200,201,1299,19932001,0
10,1417521558,955987692,5,200,201,1299,20202000,0
11,1417521558,955987692,3,200,201,1373,20078001,0
11,1417521558,955987692,2,200,199,2324,20188000,0
11,1417521558,955987692,51,200,193,1954,20343001,0
11,1417521558,963987589,52,200,199,1647,20320000,0
11,1417521558,963987589,50,200,199,1419,20813001,2
12,1417521558,963987589,54,200,199,1419,20598001,0
12,1417521558,963987589,4,200,200,1245,12745000,0
12,1417521558,965987564,53,200,197,903,17567001,0
12,1417521558,973987461,1,200,201,1299,20082001,0
12,1417521558,975987435,3,200,201,1373,20155000,0
13,1417521558,975987435,2,200,199,2324,20154001,0
13,1417521558,975987435,5,200,201,1299,20106000,0
13,1417521558,975987435,51,200,194,1954,20421001,0
13,1417521558,983987332,52,200,199,1647,20347001,0
13,1417521558,983987332,54,200,199,1419,17981001,0
14,1417521558,983987332,50,200,199,1419,20791001,1
14,1417521558,983987332,4,200,200,1245,12561001,0
14,1417521558,985987306,53,200,198,903,17678001,0
14,1417521558,993987203,1,200,201,1299,20197000,0
14,1417521558,995987177,2,200,199,2324,20396001,1
15,1417521558,996987165,3,200,202,1399,20423001,1
15,1417521558,996987165,5,200,201,1299,20291001,0
15,1417521558,996987165,51,200,195,1954,20460001,1
15,1417521559,3999949,52,200,199,1647,20321001,0
15,1417521559,3999949,50,200,198,1406,20174001,0
16,1417521559,3999949,54,200,199,1419,17944001,0
16,1417521559,4999936,4,200,200,1245,12403001,0
16,1417521559,6999910,53,200,199,903,17835001,0
16,1417521559,14999807,2,200,200,2338,20231001,0
16,1417521559,16999782,1,200,201,1299,20451001,1
17,1417521559,16999782,3,200,201,1399,20386001,0
17,1417521559,16999782,5,200,201,1299,20465001,0
17,1417521559,16999782,52,200,199,1638,20326001,0
17,1417521559,24999679,51,200,190,1902,20299001,0
17,1417521559,24999679,54,200,198,1406,17970001,0
18,1417521559,24999679,50,200,199,1406,20470001,0
18,1417521559,24999679,4,200,200,1245,12441001,0
18,1417521559,26999653,53,200,199,903,17873001,0
18,1417521559,34999550,1,200,201,1299,20256001,0
18,1417521559,36999524,2,200,200,2338,20117001,0
19,1417521559,36999524,5,200,201,1299,20324001,0
19,1417521559,36999524,3,200,201,1399,12870001,0
19,1417521559,37999511,52,200,199,1638,20494001,1
19,1417521559,44999421,54,200,199,1406,20532001,3
19,1417521559,44999421,50,200,199,1406,20302001,0
20,1417521559,44999421,51,200,191,1902,20415001,0
20,1417521559,45999408,4,200,200,1248,12410001,0
20,1417521559,46999395,53,200,199,903,17986001,0
20,1417521559,54999292,2,200,200,2338,20496001,0
20,1417521559,57999254,5,200,211,1424,20498001,1
21,1417521559,57999254,3,200,201,1413,12816001,0
21,1417521559,57999254,1,200,201,1299,20291001,0
21,1417521559,57999254,52,200,199,1638,20580001,0
21,1417521559,64999164,50,200,195,1365,20645001,2
21,1417521559,65999151,54,200,199,1406,20458001,0
22,1417521559,65999151,51,200,192,1902,18154001,0
22,1417521559,65999151,4,200,200,1248,12309001,0
22,1417521559,67999125,53,200,199,903,18121001,0
22,1417521559,75999022,2,200,200,2339,20346001,0
22,1417521559,77998996,5,200,209,1424,20712001,2
23,1417521559,77998996,3,200,201,1413,20484001,1
23,1417521559,77998996,1,200,211,1424,20772001,0
23,1417521559,77998996,50,200,196,1365,20200001,0
23,1417521559,85998893,54,200,195,1365,20288001,0
23,1417521559,85998893,52,200,199,1633,20371001,0
24,1417521559,85998893,51,200,189,1867,20535001,2
24,1417521559,85998893,4,200,200,1248,12237001,0
24,1417521559,87998868,53,200,199,903,20573001,1
24,1417521559,95998765,2,200,200,2339,20266001,0
24,1417521559,97998739,5,200,208,1424,20505001,1
25,1417521559,97998739,3,200,201,1413,20461001,1
25,1417521559,97998739,1,200,209,1424,20299001,0
25,1417521559,98998726,50,200,197,1365,20410001,0
25,1417521559,105998636,54,200,196,1365,20609001,1
25,1417521559,105998636,52,200,199,1633,20738001,1
26,1417521559,106998623,51,200,190,1867,20623001,2
26,1417521559,106998623,4,200,199,1247,12215001,0
26,1417521559,107998610,53,200,199,903,18000001,0
26,1417521559,116998494,5,200,207,1424,20251001,0
26,1417521559,118998468,3,200,201,1413,20606001,1
27,1417521559,118998468,2,200,200,2339,20400001,0
27,1417521559,118998468,1,200,208,1424,20330001,0
27,1417521559,118998468,50,200,198,1365,20562001,1
27,1417521559,126998365,54,200,197,1365,20282001,0
27,1417521559,126998365,52,200,199,1633,20708001,2
28,1417521559,126998365,51,200,191,1867,20419001,0
28,1417521559,126998365,4,200,199,1247,12179001,0
28,1417521559,128998340,53,200,199,903,18201001,0
28,1417521559,136998237,3,200,202,1442,20700001,1
28,1417521559,138998211,5,200,206,1424,20709001,1
29,1417521559,138998211,2,200,201,2352,20628001,0
29,1417521559,139998198,1,200,207,1424,20654001,1
29,1417521559,139998198,51,200,191,1857,20265001,0
29,1417521559,146998108,52,200,199,1633,20430001,0
29,1417521559,146998108,50,200,195,1332,20492001,0
30,1417521559,146998108,54,200,198,1365,20872001,1
30,1417521559,147998095,4,200,199,1247,12077001,0
30,1417521559,148998082,53,200,199,903,17966001,0
30,1417521559,157997966,2,200,201,2352,20155001,0
30,1417521559,158997953,3,200,201,1442,20288001,0
31,1417521559,159997941,1,200,206,1424,20375001,0
31,1417521559,159997941,5,200,205,1424,20437001,0
31,1417521559,159997941,50,200,196,1332,20436001,0
31,1417521559,167997838,54,200,195,1332,20676001,1
31,1417521559,167997838,51,200,192,1857,20541001,2
32,1417521559,167997838,52,200,199,1632,20287001,0
32,1417521559,167997838,4,200,200,1259,12040001,0
32,1417521559,168997825,53,200,192,831,18063001,0
32,1417521559,177997709,3,200,201,1442,20330001,0
32,1417521559,179997683,2,200,201,2352,20260001,0
33,1417521559,179997683,5,200,204,1424,20689001,1
33,1417521559,179997683,1,200,205,1424,20510001,1
33,1417521559,179997683,52,200,199,1632,20204001,0
33,1417521559,187997580,51,200,193,1857,20259001,0
33,1417521559,187997580,50,200,197,1332,20269001,0
34,1417521559,187997580,54,200,196,1332,20293001,0
34,1417521559,187997580,4,200,200,1259,11891001,0
34,1417521559,189997554,53,200,193,831,18329001,0
34,1417521559,197997451,3,200,202,1469,19995001,0
34,1417521559,198997438,2,200,201,2352,20181001,0
35,1417521559,198997438,1,200,204,1424,20233001,0
35,1417521559,198997438,5,200,209,1495,20242001,0
35,1417521559,198997438,54,200,197,1332,20302001,0
35,1417521559,207997323,50,200,197,1324,20226001,0
35,1417521559,207997323,51,200,194,1857,20130001,0
36,1417521559,208997310,52,200,199,1632,20483001,0
36,1417521559,208997310,4,200,200,1259,20359001,1
36,1417521559,208997310,53,200,194,831,18601001,0
36,1417521559,218997181,2,200,199,2333,20292001,0
36,1417521559,218997181,3,200,201,1469,20066001,0
37,1417521559,219997168,5,200,208,1495,20171001,0
37,1417521559,219997168,1,200,209,1495,20206001,0
37,1417521559,219997168,54,200,197,1324,20246001,0
37,1417521559,228997052,50,200,198,1324,20310001,0
37,1417521559,228997052,51,200,194,1851,20335001,0
38,1417521559,228997052,52,200,199,1637,20353001,0
38,1417521559,228997052,4,200,200,1259,11353001,0
38,1417521559,228997052,53,200,195,831,18889001,0
38,1417521559,239996911,2,200,199,2333,20350001,0
38,1417521559,239996911,3,200,201,1469,20185001,0
39,1417521559,239996911,1,200,208,1495,20426001,1
39,1417521559,239996911,5,200,207,1495,20512001,1
39,1417521559,239996911,54,200,198,1324,20234001,0
39,1417521559,248996795,51,200,195,1851,20390001,0
39,1417521559,248996795,50,200,199,1324,20358001,0
40,1417521559,248996795,52,200,199,1637,18810001,0
40,1417521559,248996795,4,200,201,1269,11133001,0
40,1417521559,249996782,53,200,196,831,19239001,0
40,1417521559,259996653,3,200,201,1473,20192001,0
40,1417521559,259996653,1,200,207,1495,20315001,1
41,1417521559,259996653,5,200,206,1495,20349001,1
41,1417521559,260996640,2,200,199,2333,20185001,0
41,1417521559,260996640,51,200,196,1851,20347001,0
41,1417521559,268996537,54,200,199,1324,20133001,0
41,1417521559,269996524,50,200,199,1318,20299001,0
42,1417521559,269996524,52,200,199,1637,18854001,0
42,1417521559,269996524,4,200,201,1269,10904001,0
42,1417521559,269996524,53,200,197,831,19375001,0
42,1417521559,280996383,3,200,201,1473,20381001,1
42,1417521559,280996383,1,200,206,1495,20533001,1
43,1417521559,280996383,2,200,197,2304,20536001,0
43,1417521559,280996383,5,200,205,1495,11887001,0
43,1417521559,280996383,54,200,199,1318,20185001,0
43,1417521559,289996267,51,200,195,1832,20305001,0
43,1417521559,289996267,50,200,199,1318,20309001,0
44,1417521559,289996267,52,200,199,1638,18841001,0
44,1417521559,289996267,4,200,201,1269,10596001,0
44,1417521559,289996267,53,200,198,831,19604001,0
44,1417521559,301996112,3,200,201,1473,19981001,0
44,1417521559,301996112,5,200,204,1495,20454001,3
45,1417521559,301996112,2,200,198,2304,20423001,1
45,1417521559,301996112,1,200,205,1495,20401001,2
45,1417521559,301996112,54,200,199,1318,20018002,0
45,1417521559,310995997,51,200,196,1832,20314001,0
45,1417521559,310995997,50,200,199,1318,20334001,0
46,1417521559,310995997,52,200,199,1638,18956001,0
46,1417521559,310995997,4,200,201,1271,10501001,0
46,1417521559,311995984,53,200,199,831,19783001,0
46,1417521559,321995855,3,200,201,1473,20218001,0
46,1417521559,322995842,2,200,199,2304,20759001,2
47,1417521559,322995842,5,200,203,1495,20253001,0
47,1417521559,322995842,1,200,204,1495,20399001,0
47,1417521559,322995842,50,200,199,1318,20351002,0
47,1417521559,331995726,51,200,197,1832,20304001,0
47,1417521559,331995726,52,200,199,1638,20500001,2
48,1417521559,331995726,54,200,199,1318,20502001,0
48,1417521559,331995726,4,200,201,1271,10412002,0
48,1417521559,331995726,53,200,199,831,19965002,0
48,1417521559,342995585,2,200,198,2290,20243001,0
48,1417521559,342995585,5,200,202,1495,20616001,2
49,1417521559,342995585,3,200,202,1497,20560002,1
49,1417521559,342995585,1,200,203,1495,11669001,0
49,1417521559,342995585,50,200,200,1328,20469001,0
49,1417521559,351995469,51,200,194,1800,20486001,0
49,1417521559,351995469,52,200,199,1638,20652001,1
50,1417521559,351995469,54,200,199,1318,20944002,1
50,1417521559,351995469,4,200,201,1271,9914001,0
50,1417521559,351995469,5,200,201,1495,20296001,0
50,1417521559,362995327,2,200,199,2290,20505001,2
50,1417521559,363995314,1,200,202,1495,20440001,2
51,1417521559,363995314,3,200,201,1497,20523001,1
51,1417521559,363995314,53,200,199,831,20206002,0
51,1417521559,363995314,51,200,195,1800,20185001,0
51,1417521559,372995198,50,200,200,1328,20356001,0
51,1417521559,372995198,54,200,200,1328,20274002,0
52,1417521559,372995198,52,200,199,1639,20344001,0
52,1417521559,372995198,4,200,201,1271,9917002,0
52,1417521559,372995198,2,200,199,2290,20267002,0
52,1417521559,383995057,1,200,201,1495,20414002,1
52,1417521559,383995057,5,200,201,1495,20479001,0
53,1417521559,383995057,3,200,201,1497,20700002,1
53,1417521559,383995057,53,200,199,831,12194002,0
53,1417521559,383995057,50,200,200,1328,20405002,0
53,1417521559,392994941,51,200,196,1800,20083002,0
53,1417521559,392994941,52,200,199,1639,19560002,0
54,1417521559,392994941,54,200,200,1328,20686001,0
54,1417521559,392994941,4,200,201,1271,10073002,0
54,1417521559,392994941,2,200,199,2290,20111002,0
54,1417521559,403994799,1,200,201,1495,20435002,2
54,1417521559,403994799,5,200,201,1495,20237002,0
55,1417521559,403994799,3,200,203,1535,20282002,0
55,1417521559,403994799,53,200,199,831,12228002,0
55,1417521559,403994799,50,200,199,1324,20455002,0
55,1417521559,413994670,51,200,197,1800,20389002,0
55,1417521559,413994670,52,200,199,1639,20697002,1
56,1417521559,413994670,54,200,200,1328,20633002,0
56,1417521559,413994670,4,200,201,1271,10304002,0
56,1417521559,413994670,2,200,196,2254,20407002,0
56,1417521559,424994529,1,200,201,1495,20572002,1
56,1417521559,424994529,5,200,201,1495,20604002,1
57,1417521559,424994529,3,200,202,1535,20557002,0
57,1417521559,424994529,53,200,199,831,12200002,0
57,1417521559,424994529,50,200,199,1324,20432002,0
57,1417521559,433994413,51,200,195,1773,20539002,0
57,1417521559,433994413,52,200,199,1631,20322002,0
58,1417521559,433994413,54,200,199,1324,20347002,0
58,1417521559,433994413,4,200,201,1271,20802002,1
58,1417521559,433994413,1,200,201,1495,20210002,0
58,1417521559,444994271,2,200,197,2254,20265002,0
58,1417521559,444994271,5,200,201,1495,20327002,0
59,1417521559,444994271,3,200,201,1535,19805002,0
59,1417521559,444994271,53,200,199,831,12025002,0
59,1417521559,444994271,51,200,196,1773,20499002,0
59,1417521559,453994155,50,200,199,1324,19958002,0
59,1417521559,454994143,52,200,199,1631,20648002,2
60,1417521559,454994143,54,200,199,1324,20647002,1
60,1417521559,454994143,4,200,199,1258,10523002,0
60,1417521559,454994143,2,200,198,2254,20128002,0
60,1417521559,464994014,1,200,201,1495,20249002,0
60,1417521559,464994014,5,200,206,1561,20592002,1
61,1417521559,464994014,3,200,201,1539,19747002,0
61,1417521559,465994001,53,200,190,732,11860002,0
61,1417521559,465994001,50,200,197,1301,19922002,0
61,1417521559,474993885,51,200,197,1773,20336002,0
61,1417521559,474993885,54,200,199,1324,19816002,0
62,1417521559,474993885,52,200,199,1631,20222002,0
62,1417521559,474993885,4,200,199,1258,10259002,0
62,1417521559,474993885,2,200,196,2231,20309002,0
62,1417521559,484993756,1,200,206,1561,20400002,0
62,1417521559,485993743,5,200,205,1561,20421002,0
63,1417521559,485993743,3,200,201,1539,19568002,0
63,1417521559,485993743,53,200,191,732,11766002,0
63,1417521559,485993743,50,200,198,1301,20522002,2
63,1417521559,494993628,51,200,196,1757,20322002,0
63,1417521559,495993615,54,200,197,1301,19785002,0
64,1417521559,495993615,52,200,199,1622,19795002,0
64,1417521559,495993615,4,200,199,1258,10310002,0
64,1417521559,495993615,2,200,197,2231,20208002,0
64,1417521559,505993486,1,200,205,1561,20189002,0
64,1417521559,505993486,5,200,204,1561,20131002,0
65,1417521559,505993486,3,200,201,1539,19533002,0
65,1417521559,505993486,53,200,192,732,11960002,0
65,1417521559,505993486,51,200,197,1757,20394002,0
65,1417521559,515993357,50,200,199,1301,20170002,0
65,1417521559,515993357,54,200,198,1301,20615002,3
66,1417521559,515993357,52,200,199,1622,20590002,3
66,1417521559,515993357,4,200,199,1261,20405002,1
66,1417521559,515993357,2,200,198,2231,20462002,0
66,1417521559,525993229,1,200,204,1561,20444002,1
66,1417521559,525993229,5,200,203,1561,20584002,2
67,1417521559,525993229,3,200,201,1539,19430002,0
67,1417521559,526993216,53,200,193,732,11654002,0
67,1417521559,526993216,51,200,198,1757,20303002,0
67,1417521559,535993100,50,200,199,1301,20316002,0
67,1417521559,535993100,54,200,199,1301,20589002,1
68,1417521559,535993100,52,200,199,1622,20760002,1
68,1417521559,535993100,4,200,199,1261,10046002,0
68,1417521559,535993100,2,200,197,2214,20121002,0
68,1417521559,546992958,1,200,203,1561,20506002,1
68,1417521559,546992958,5,200,202,1561,20229002,0
69,1417521559,546992958,3,200,201,1558,20378002,1
69,1417521559,546992958,53,200,194,732,12030002,0
69,1417521559,546992958,51,200,198,1753,20323002,0
69,1417521559,555992842,50,200,197,1275,20236002,0
69,1417521559,555992842,54,200,199,1301,20221002,0
70,1417521559,555992842,52,200,199,1622,20354002,0
70,1417521559,556992829,4,200,199,1261,10290002,0
70,1417521559,556992829,2,200,198,2214,20351002,1
70,1417521559,566992701,5,200,201,1561,20264002,1
70,1417521559,566992701,1,200,202,1561,20142002,0
71,1417521559,566992701,3,200,201,1558,19154002,0
71,1417521559,566992701,53,200,195,732,11838000,0
71,1417521559,566992701,50,200,198,1275,20320000,0
71,1417521559,576992572,54,200,197,1275,20241000,0
71,1417521559,576992572,51,200,199,1753,20332000,0
72,1417521559,576992572,4,200,200,1276,10309002,0
72,1417521559,576992572,52,200,199,1613,20431000,0
72,1417521559,576992572,2,200,199,2214,20109002,0
72,1417521559,586992443,1,200,201,1561,20246002,0
72,1417521559,586992443,5,200,201,1561,20395002,1
73,1417521559,586992443,3,200,201,1558,20289002,1
73,1417521559,586992443,53,200,188,656,12183000,0
73,1417521559,588992417,51,200,199,1753,20348000,0
73,1417521559,596992314,54,200,198,1275,20342000,0
73,1417521559,596992314,50,200,199,1275,20434000,0
74,1417521559,596992314,4,200,200,1276,20541000,4
74,1417521559,596992314,52,200,199,1613,10021000,0
74,1417521559,596992314,1,200,201,1561,20290000,1
74,1417521559,607992173,2,200,199,2214,20236000,0
74,1417521559,607992173,5,200,212,1696,20185000,0
75,1417521559,607992173,3,200,202,1585,20312000,2
75,1417521559,607992173,53,200,189,656,11988000,0
75,1417521559,608992160,50,200,198,1257,20440000,1
75,1417521559,616992057,54,200,199,1275,20503000,1
75,1417521559,616992057,51,200,199,1753,20380000,0
76,1417521559,617992044,4,200,200,1276,20425000,1
76,1417521559,617992044,52,200,199,1613,20613000,4
76,1417521559,617992044,1,200,212,1696,20179000,0
76,1417521559,626991928,5,200,210,1696,20222000,0
76,1417521559,627991915,2,200,197,2191,20331000,0
77,1417521559,627991915,3,200,201,1585,20314000,1
77,1417521559,627991915,53,200,190,656,12041000,0
77,1417521559,629991890,51,200,199,1744,20277000,0
77,1417521559,637991787,54,200,198,1257,20325000,0
77,1417521559,637991787,50,200,199,1257,20381000,0
78,1417521559,637991787,4,200,200,1276,20347000,0
78,1417521559,637991787,52,200,199,1604,20881000,1
78,1417521559,637991787,1,200,210,1696,20135000,0
78,1417521559,647991658,5,200,209,1696,20106000,0
78,1417521559,647991658,2,200,198,2191,20208000,0
79,1417521559,647991658,3,200,201,1585,20264000,0
79,1417521559,647991658,53,200,191,656,12384000,0
79,1417521559,649991632,54,200,199,1257,20344000,0
79,1417521559,657991529,51,200,199,1744,20271000,0
79,1417521559,657991529,50,200,199,1257,20343000,0
80,1417521559,657991529,4,200,201,1290,20265000,0
80,1417521559,657991529,52,200,199,1604,20247000,0
80,1417521559,658991516,5,200,208,1696,20127000,0
80,1417521559,667991400,1,200,209,1696,20251000,0
80,1417521559,667991400,2,200,199,2191,20209000,0
81,1417521559,667991400,3,200,202,1606,20320000,0
81,1417521559,667991400,53,200,192,656,12427000,0
81,1417521559,670991362,51,200,199,1744,20261000,0
81,1417521559,677991272,54,200,199,1257,20295000,0
81,1417521559,678991259,50,200,199,1249,20171000,0
82,1417521559,678991259,4,200,201,1290,20396000,0
82,1417521559,678991259,52,200,199,1604,20318000,0
82,1417521559,678991259,2,200,199,2185,20280000,0
82,1417521559,687991143,5,200,207,1696,20322000,0
82,1417521559,687991143,1,200,208,1696,20245000,0
83,1417521559,687991143,3,200,201,1606,20317000,0
83,1417521559,688991130,53,200,193,656,12554000,0
83,1417521559,690991104,54,200,199,1249,20293000,0
83,1417521559,698991001,51,200,199,1753,20329000,0
83,1417521559,698991001,50,200,199,1249,20193000,0
84,1417521559,698991001,4,200,201,1290,20390000,0
84,1417521559,698991001,52,200,199,1602,20467000,1
84,1417521559,698991001,2,200,199,2185,20136000,0
84,1417521559,708990872,1,200,207,1696,20218000,0
84,1417521559,708990872,5,200,206,1696,20193000,0
85,1417521559,708990872,3,200,201,1606,17785000,0
85,1417521559,708990872,53,200,194,656,12589000,0
85,1417521559,710990847,51,200,199,1753,20159000,0
85,1417521559,718990744,50,200,199,1249,20317000,0
85,1417521559,718990744,54,200,199,1249,20387000,0
86,1417521559,718990744,4,200,201,1296,20474000,1
86,1417521559,718990744,52,200,199,1602,20432000,1
86,1417521559,718990744,1,200,206,1696,20295000,0
86,1417521559,728990615,5,200,205,1696,20327000,0
86,1417521559,728990615,2,200,199,2185,20147000,0
87,1417521559,728990615,3,200,201,1606,20472000,3
87,1417521559,728990615,53,200,185,564,12528000,0
87,1417521559,731990576,51,200,199,1753,20372000,0
87,1417521559,738990486,50,200,199,1249,20401000,0
87,1417521559,739990473,54,200,199,1249,20473000,1
88,1417521559,739990473,52,200,199,1602,20387000,1
88,1417521559,739990473,4,200,201,1296,20408000,0
88,1417521559,739990473,5,200,209,1765,20084000,0
88,1417521559,748990357,2,200,198,2166,20122000,0
88,1417521559,748990357,3,200,201,1623,20399000,1
89,1417521559,748990357,1,200,205,1696,20467000,0
89,1417521559,749990345,53,200,186,564,12611000,0
89,1417521559,751990319,50,200,199,1258,20301000,0
89,1417521559,759990216,51,200,199,1744,20003000,0
89,1417521559,759990216,54,200,199,1249,20186000,0
90,1417521559,759990216,4,200,201,1296,20337000,0
90,1417521559,759990216,52,200,199,1602,20312000,0
90,1417521559,759990216,5,200,208,1765,20090000,0
90,1417521559,769990087,2,200,199,2166,19973000,0
90,1417521559,769990087,1,200,209,1765,20346000,1
91,1417521559,769990087,3,200,201,1623,17698000,0
91,1417521559,769990087,53,200,187,564,12831000,0
91,1417521559,772990049,51,200,199,1744,20032000,0
91,1417521559,779989958,50,200,199,1258,20274000,0
91,1417521559,779989958,54,200,199,1258,20428000,0
92,1417521559,779989958,4,200,201,1300,20187000,0
92,1417521559,779989958,52,200,199,1606,20554000,1
92,1417521559,780989946,5,200,207,1765,20345000,0
92,1417521559,789989830,1,200,208,1765,20370000,1
92,1417521559,789989830,2,200,199,2166,20142000,0
93,1417521559,789989830,3,200,201,1623,17423000,0
93,1417521559,789989830,53,200,188,564,13112000,0
93,1417521559,792989791,50,200,199,1258,20301000,0
93,1417521559,800989688,51,200,199,1744,20179000,0
93,1417521559,800989688,4,200,201,1300,20470000,1
94,1417521559,800989688,52,200,199,1606,10721000,0
94,1417521559,800989688,54,200,199,1258,20574000,0
94,1417521559,800989688,2,200,199,2166,20349000,0
94,1417521559,810989559,5,200,206,1765,20361000,0
94,1417521559,810989559,1,200,207,1765,20267000,0
95,1417521559,810989559,3,200,201,1630,20667000,3
95,1417521559,810989559,53,200,189,564,13299000,0
95,1417521559,812989534,51,200,199,1744,20308000,0
95,1417521559,820989431,4,200,201,1300,20489000,1
95,1417521559,820989431,50,200,200,1268,20504000,0
96,1417521559,820989431,52,200,199,1606,20819000,1
96,1417521559,821989418,54,200,199,1258,11048000,0
96,1417521559,821989418,1,200,206,1765,20424000,0
96,1417521559,830989302,5,200,205,1765,20611000,0
96,1417521559,830989302,2,200,196,2135,20275000,0
97,1417521559,830989302,3,200,201,1630,17182000,0
97,1417521559,830989302,53,200,190,564,13403000,0
97,1417521559,833989263,4,200,201,1300,20515000,2
97,1417521559,841989160,51,200,199,1734,20515000,0
97,1417521559,841989160,50,200,200,1268,19997000,0
98,1417521559,841989160,54,200,200,1268,20699000,2
98,1417521559,841989160,52,200,199,1598,20722000,1
98,1417521559,841989160,1,200,205,1765,20040000,0
98,1417521559,850989044,5,200,204,1765,20384000,0
98,1417521559,850989044,3,200,201,1630,20506000,4
99,1417521559,851989031,2,200,197,2135,20466000,0
99,1417521559,851989031,53,200,191,564,13322000,0
99,1417521559,854988993,4,200,201,1300,20330000,0
99,1417521559,861988903,51,200,199,1734,20384000,0
99,1417521559,861988903,50,200,200,1268,20212000,0
100,1417521559,861988903,54,200,200,1268,20216000,0
100,1417521559,861988903,52,200,199,1598,10907000,0
100,1417521559,861988903,1,200,204,1765,20135000,0
100,1417521559,871988774,5,200,203,1765,20260000,0
100,1417521559,871988774,3,200,201,1643,20270000,0
101,1417521559,871988774,2,200,198,2135,20510000,3
101,1417521559,871988774,53,200,188,528,13224000,0
101,1417521559,874988735,4,200,201,1300,20239000,0
101,1417521559,881988645,51,200,199,1734,20526000,1
101,1417521559,882988632,52,200,199,1598,11047000,0
102,1417521559,882988632,50,200,199,1258,10942000,0
102,1417521559,882988632,54,200,200,1268,20600000,1
102,1417521559,882988632,5,200,202,1765,20359000,2
102,1417521559,891988516,1,200,203,1765,20353000,0
102,1417521559,891988516,3,200,201,1643,20324000,0
103,1417521559,891988516,2,200,196,2109,20266000,0
103,1417521559,891988516,53,200,189,528,13142000,0
103,1417521559,895988465,4,200,201,1300,20063000,0
103,1417521559,902988375,51,200,199,1736,20223000,0
103,1417521559,902988375,50,200,199,1258,20412000,3
104,1417521559,902988375,52,200,199,1594,20530000,4
104,1417521559,902988375,54,200,199,1258,20359000,0
104,1417521559,902988375,1,200,202,1765,20378000,1
104,1417521559,911988259,5,200,201,1765,20258000,0
104,1417521559,911988259,3,200,201,1643,20411000,1
105,1417521559,911988259,2,200,197,2109,20298000,0
105,1417521559,912988246,53,200,190,528,13138001,0
105,1417521559,915988207,4,200,199,1282,20438000,1
105,1417521559,922988117,52,200,199,1594,20414001,1
105,1417521559,922988117,50,200,199,1258,20617000,2
106,1417521559,922988117,51,200,199,1736,20638000,0
106,1417521559,922988117,54,200,199,1258,20408001,0
106,1417521559,923988104,1,200,201,1765,20344001,0
106,1417521559,932987989,5,200,201,1765,20433000,0
106,1417521559,932987989,2,200,198,2109,20401000,0
107,1417521559,932987989,3,200,201,1643,20336000,0
107,1417521559,932987989,53,200,191,528,13126001,0
107,1417521559,935987950,4,200,199,1282,20115001,0
107,1417521559,942987860,50,200,199,1258,20255001,0
107,1417521559,943987847,52,200,199,1594,20157000,0
108,1417521559,943987847,51,200,199,1736,11314001,0
108,1417521559,943987847,54,200,199,1258,20537001,1
108,1417521559,943987847,1,200,201,1765,20348001,0
108,1417521559,952987731,2,200,197,2091,20564001,1
108,1417521559,952987731,3,200,201,1662,16862000,0
109,1417521559,952987731,5,200,201,1765,20611001,1
109,1417521559,952987731,53,200,192,528,12828001,0
109,1417521559,955987692,4,200,199,1282,19812000,0
109,1417521559,963987589,52,200,199,1594,20346001,0
109,1417521559,963987589,50,200,198,1239,20177001,0
110,1417521559,963987589,54,200,199,1258,20630001,1
110,1417521559,963987589,51,200,200,1746,20703001,3
110,1417521559,963987589,1,200,201,1765,20545001,1
110,1417521559,972987474,2,200,198,2091,20463000,2
110,1417521559,972987474,3,200,201,1662,20493000,2
111,1417521559,972987474,5,200,201,1765,16907000,0
111,1417521559,972987474,53,200,193,528,13066001,0
111,1417521559,976987422,4,200,199,1290,19886000,0
111,1417521559,983987332,50,200,199,1239,20280001,0
111,1417521559,983987332,52,200,199,1593,20525001,1
112,1417521559,983987332,51,200,200,1746,20578001,2
112,1417521559,983987332,54,200,198,1239,20781001,1
112,1417521559,983987332,1,200,201,1765,20328001,0
112,1417521559,992987216,3,200,201,1662,20365001,1
112,1417521559,993987203,2,200,199,2091,20092001,0
113,1417521559,993987203,5,200,201,1765,16819001,0
113,1417521559,993987203,53,200,187,465,13202001,0
113,1417521559,996987165,4,200,199,1290,19866001,0
113,1417521560,3999949,52,200,199,1593,19962001,0
113,1417521560,3999949,50,200,199,1239,20193001,0
114,1417521560,3999949,54,200,199,1239,11234001,0
114,1417521560,4999936,51,200,200,1746,20213001,0
114,1417521560,4999936,1,200,201,1765,20052001,0
114,1417521560,13999820,5,200,201,1765,20309001,2
114,1417521560,13999820,2,200,199,2091,20472001,1
115,1417521560,13999820,3,200,201,1668,20466001,1
115,1417521560,13999820,53,200,188,465,13171001,0
115,1417521560,17999769,4,200,199,1290,20172001,0
115,1417521560,24999679,52,200,199,1593,20279001,0
115,1417521560,24999679,50,200,199,1229,20520001,3
116,1417521560,24999679,54,200,199,1239,20442001,2
116,1417521560,24999679,51,200,200,1746,20316001,0
116,1417521560,24999679,2,200,197,2063,20611001,1
116,1417521560,33999563,5,200,201,1765,20704001,2
116,1417521560,33999563,1,200,201,1765,20489001,0
117,1417521560,34999550,3,200,201,1668,20784001,0
117,1417521560,34999550,53,200,189,465,13356001,0
117,1417521560,37999511,4,200,199,1290,20320001,0
117,1417521560,44999421,54,200,199,1229,20381001,0
117,1417521560,44999421,50,200,199,1229,20216001,0
118,1417521560,44999421,51,200,201,1757,20765001,2
118,1417521560,45999408,52,200,199,1584,20158001,0
118,1417521560,45999408,5,200,201,1765,20239001,0
118,1417521560,54999292,1,200,201,1765,20224001,0
118,1417521560,54999292,2,200,198,2063,20470001,1
119,1417521560,54999292,3,200,201,1668,16602001,0
119,1417521560,54999292,53,200,190,465,13479001,0
119,1417521560,58999241,4,200,200,1305,20298001,0
119,1417521560,65999151,51,200,201,1757,20597001,2
119,1417521560,65999151,50,200,199,1229,20577001,0
120,1417521560,65999151,54,200,199,1229,20712001,4
120,1417521560,65999151,52,200,199,1584,20459001,0
120,1417521560,65999151,1,200,201,1765,20117001,0
120,1417521560,74999035,5,200,201,1765,16465001,0
120,1417521560,74999035,3,200,201,1684,20360001,3
121,1417521560,74999035,2,200,199,2063,20658001,0
121,1417521560,74999035,53,200,191,465,13219001,0
121,1417521560,78998983,4,200,200,1305,20009001,0
121,1417521560,85998893,51,200,201,1757,20236001,0
121,1417521560,85998893,54,200,199,1229,20078001,0
122,1417521560,85998893,50,200,198,1215,20117001,0
122,1417521560,85998893,52,200,199,1584,20425001,0
122,1417521560,85998893,1,200,201,1765,20279001,0
122,1417521560,94998777,3,200,201,1684,20394001,0
122,1417521560,94998777,5,200,201,1765,20440001,1
123,1417521560,94998777,2,200,197,2042,20456001,0
123,1417521560,95998765,53,200,192,465,13183001,0
123,1417521560,98998726,4,200,200,1305,19975001,0
123,1417521560,105998636,54,200,198,1215,20078001,0
123,1417521560,105998636,50,200,199,1215,20272001,0
124,1417521560,106998623,51,200,200,1754,20295001,0
124,1417521560,106998623,52,200,199,1588,20393001,0
124,1417521560,106998623,1,200,201,1765,20134001,0
124,1417521560,115998507,5,200,201,1765,20445001,1
124,1417521560,115998507,2,200,198,2042,20246001,0
125,1417521560,115998507,3,200,201,1684,20461001,0
125,1417521560,115998507,53,200,193,465,13235001,0
125,1417521560,119998456,4,200,199,1302,20144001,0
125,1417521560,126998365,50,200,199,1215,20295001,0
125,1417521560,126998365,54,200,199,1215,20148001,0
126,1417521560,126998365,51,200,200,1754,20296001,0
126,1417521560,126998365,52,200,199,1588,20596001,3
126,1417521560,126998365,1,200,201,1765,20340001,0
126,1417521560,135998250,2,200,199,2042,20407001,2
126,1417521560,135998250,3,200,201,1684,20350001,1
127,1417521560,135998250,5,200,201,1765,20455001,1
127,1417521560,135998250,53,200,194,465,13253001,0
127,1417521560,139998198,4,200,199,1302,20186001,0
127,1417521560,146998108,51,200,200,1754,20323001,0
127,1417521560,146998108,50,200,199,1215,20303001,0
128,1417521560,146998108,52,200,199,1588,11117001,0
128,1417521560,146998108,54,200,199,1215,11214001,0
128,1417521560,147998095,1,200,201,1765,20240001,0
128,1417521560,155997992,3,200,202,1705,20505001,1
128,1417521560,156997979,2,200,198,2030,20212001,0
129,1417521560,156997979,5,200,201,1765,16207001,0
129,1417521560,156997979,53,200,195,465,13592001,0
129,1417521560,160997928,4,200,199,1302,20132001,0
129,1417521560,166997850,51,200,200,1755,20340001,0
129,1417521560,166997850,50,200,199,1207,19969001,0
130,1417521560,167997838,52,200,199,1588,20473001,2
130,1417521560,167997838,54,200,199,1215,11231001,0
130,1417521560,167997838,3,200,201,1705,20518001,1
130,1417521560,176997722,1,200,201,1765,20436001,1
130,1417521560,176997722,2,200,199,2030,20502001,0
131,1417521560,176997722,5,200,201,1765,20645001,4
131,1417521560,176997722,53,200,196,465,13698001,0
131,1417521560,180997670,4,200,199,1307,20041001,0
131,1417521560,187997580,51,200,200,1755,20339001,0
131,1417521560,187997580,50,200,199,1207,20060001,0
132,1417521560,187997580,52,200,200,1599,20443001,0
132,1417521560,187997580,54,200,199,1207,11188001,0
132,1417521560,187997580,1,200,201,1765,20226001,0
132,1417521560,196997464,3,200,201,1705,20257001,0
132,1417521560,196997464,5,200,201,1765,20438001,0
133,1417521560,196997464,2,200,199,2030,20321001,0
133,1417521560,196997464,53,200,197,465,13785001,0
133,1417521560,201997400,4,200,199,1307,20000001,0
133,1417521560,207997323,51,200,200,1755,20198001,0
133,1417521560,207997323,54,200,199,1207,20467001,4
134,1417521560,207997323,52,200,200,1599,20506001,1
134,1417521560,207997323,50,200,199,1207,20751001,0
134,1417521560,207997323,3,200,201,1720,20282001,0
134,1417521560,217997194,1,200,201,1765,20382001,0
134,1417521560,217997194,2,200,199,2030,20301001,0
135,1417521560,217997194,5,200,201,1765,20238001,0
135,1417521560,217997194,53,200,198,465,13917001,0
135,1417521560,221997142,4,200,199,1307,19877001,0
135,1417521560,227997065,51,200,200,1755,20420001,0
135,1417521560,227997065,54,200,199,1207,20307001,0
136,1417521560,228997052,52,200,200,1599,20454001,1
136,1417521560,228997052,50,200,200,1225,20245001,0
136,1417521560,228997052,1,200,201,1765,20276001,0
136,1417521560,237996936,3,200,201,1720,20296001,0
136,1417521560,237996936,2,200,199,2024,20183001,0
137,1417521560,237996936,5,200,201,1765,20585001,2
137,1417521560,237996936,53,200,199,465,14101001,0
137,1417521560,242996872,4,200,199,1307,20378001,1
137,1417521560,247996808,52,200,199,1598,20536001,1
137,1417521560,248996795,51,200,199,1748,20514001,1
138,1417521560,248996795,54,200,200,1225,20080001,0
138,1417521560,248996795,50,200,200,1225,11189001,0
138,1417521560,248996795,1,200,201,1765,20250001,0
138,1417521560,257996679,5,200,201,1765,20143001,0
138,1417521560,257996679,3,200,201,1720,20262001,0
139,1417521560,257996679,2,200,199,2024,20229001,0
139,1417521560,257996679,53,200,199,465,14293001,0
139,1417521560,262996615,4,200,199,1315,20256001,0
139,1417521560,268996537,54,200,200,1225,20341001,0
139,1417521560,268996537,52,200,199,1598,20342001,0
140,1417521560,268996537,50,200,200,1225,20405001,4
140,1417521560,268996537,51,200,199,1748,20296001,0
140,1417521560,268996537,5,200,201,1765,20413001,2
140,1417521560,277996421,1,200,201,1765,20375001,1
140,1417521560,277996421,2,200,199,2024,15312001,0
141,1417521560,277996421,3,200,201,1733,20433001,0
141,1417521560,278996409,53,200,199,465,14472001,0
141,1417521560,282996357,4,200,199,1315,20241001,0
141,1417521560,288996280,54,200,200,1225,20343001,0
141,1417521560,288996280,51,200,199,1748,20191001,0
142,1417521560,288996280,52,200,199,1598,20236001,0
142,1417521560,288996280,50,200,200,1227,20180001,0
142,1417521560,288996280,5,200,201,1765,20189001,0
142,1417521560,297996164,1,200,201,1765,20224001,0
142,1417521560,298996151,2,200,199,2024,20281001,1
143,1417521560,298996151,3,200,201,1733,15087001,0
143,1417521560,298996151,53,200,199,465,14714001,0
143,1417521560,303996087,4,200,199,1315,19291001,0
143,1417521560,308996022,51,200,197,1726,20236001,0
143,1417521560,308996022,50,200,200,1227,20205001,0
144,1417521560,308996022,52,200,198,1587,20266001,0
144,1417521560,309996009,54,200,200,1227,20330001,0
144,1417521560,309996009,1,200,201,1765,20205001,0
144,1417521560,318995894,5,200,201,1765,20207001,0
144,1417521560,318995894,2,200,199,2024,20221001,0
145,1417521560,318995894,3,200,201,1733,20299001,1
145,1417521560,318995894,53,200,199,465,14892001,0
145,1417521560,323995829,4,200,199,1306,19379001,0
145,1417521560,329995752,50,200,200,1227,20278001,0
145,1417521560,329995752,51,200,198,1726,20193001,0
146,1417521560,329995752,52,200,199,1587,20151001,0
146,1417521560,329995752,54,200,200,1227,20436001,0
146,1417521560,329995752,5,200,201,1765,20342002,0
146,1417521560,338995636,2,200,199,2024,20420002,3
146,1417521560,338995636,3,200,201,1733,20562001,3
147,1417521560,338995636,1,200,201,1765,15010001,0
147,1417521560,338995636,53,200,199,465,14882002,0
147,1417521560,345995546,4,200,199,1306,19433001,0
147,1417521560,350995482,50,200,200,1227,20183001,0
147,1417521560,350995482,52,200,199,1587,20277002,0
148,1417521560,350995482,51,200,199,1726,20121001,0
148,1417521560,350995482,54,200,200,1227,20340001,0
148,1417521560,350995482,5,200,201,1765,20367001,0
148,1417521560,359995366,2,200,198,2009,20327001,0
148,1417521560,359995366,3,200,201,1740,20501001,0
149,1417521560,360995353,1,200,201,1765,14930001,0
149,1417521560,360995353,53,200,199,465,14886002,0
149,1417521560,365995288,4,200,199,1306,19417002,0
149,1417521560,370995224,52,200,199,1587,20098002,0
149,1417521560,370995224,51,200,199,1721,20279002,0
150,1417521560,371995211,50,200,199,1217,20182002,0
150,1417521560,371995211,54,200,200,1227,11562002,0
150,1417521560,371995211,5,200,201,1765,20336002,0
150,1417521560,380995095,1,200,201,1765,20265002,2
150,1417521560,380995095,2,200,199,2009,20366002,2
151,1417521560,380995095,3,200,201,1740,20280001,1
151,1417521560,380995095,53,200,199,465,15109002,0
151,1417521560,386995018,4,200,197,1285,19345001,0
151,1417521560,390994967,51,200,199,1721,20280002,0
151,1417521560,391994954,50,200,199,1217,20171002,0
152,1417521560,391994954,54,200,199,1217,11562002,0
152,1417521560,391994954,52,200,199,1585,20519002,0
152,1417521560,391994954,5,200,201,1765,20202001,0
152,1417521560,400994838,1,200,201,1765,20241001,2
152,1417521560,400994838,2,200,199,2009,20151002,0
153,1417521560,400994838,3,200,201,1740,14380002,0
153,1417521560,400994838,53,200,199,465,15315002,0
153,1417521560,406994761,4,200,198,1285,19272002,0
153,1417521560,411994696,51,200,199,1721,20323002,0
153,1417521560,411994696,50,200,199,1217,20297002,0
154,1417521560,411994696,54,200,199,1217,20598002,2
154,1417521560,411994696,52,200,199,1585,12074002,0
154,1417521560,411994696,5,200,201,1765,20193002,0
154,1417521560,420994580,1,200,201,1765,20162002,0
154,1417521560,420994580,2,200,199,2009,20128002,0
155,1417521560,420994580,3,200,200,1739,13986002,0
155,1417521560,420994580,53,200,199,465,15706002,0
155,1417521560,427994490,4,200,199,1285,19145002,0
155,1417521560,431994439,50,200,199,1209,20381002,0
155,1417521560,431994439,51,200,199,1721,20854002,0
156,1417521560,433994413,54,200,199,1217,20405002,0
156,1417521560,433994413,52,200,199,1585,20486002,1
156,1417521560,433994413,3,200,200,1739,20383002,4
156,1417521560,440994323,2,200,197,1985,20336002,3
156,1417521560,440994323,1,200,201,1765,20159002,0
157,1417521560,441994310,5,200,201,1765,20307002,0
157,1417521560,441994310,53,200,199,465,16208002,0
157,1417521560,448994220,4,200,199,1285,19015002,0
157,1417521560,451994181,50,200,199,1209,20514002,0
157,1417521560,451994181,51,200,199,1717,21116002,1
158,1417521560,453994155,52,200,199,1581,20948002,2
158,1417521560,453994155,54,200,199,1209,21077002,1
158,1417521560,453994155,5,200,201,1765,20198002,0
158,1417521560,461994052,1,200,201,1765,20141002,0
158,1417521560,461994052,2,200,198,1985,20186002,0
159,1417521560,461994052,3,200,200,1739,20207002,0
159,1417521560,461994052,53,200,199,465,16535002,0
159,1417521560,468993962,4,200,199,1289,18896002,0
159,1417521560,472993911,50,200,199,1209,20535002,0
159,1417521560,472993911,52,200,199,1581,20440002,0
160,1417521560,473993898,51,200,199,1717,20336002,0
160,1417521560,473993898,54,200,199,1209,12888002,0
160,1417521560,474993885,3,200,201,1755,20194002,0
160,1417521560,481993795,2,200,199,1985,20152002,0
160,1417521560,481993795,1,200,201,1765,20194002,0
161,1417521560,481993795,5,200,201,1765,20208002,0
161,1417521560,481993795,53,200,199,465,16706002,0
161,1417521560,488993705,4,200,199,1289,18798002,0
161,1417521560,492993653,50,200,198,1190,20017002,0
161,1417521560,492993653,52,200,199,1581,20377002,1
162,1417521560,494993628,51,200,199,1717,20165002,0
162,1417521560,494993628,54,200,199,1209,20331002,1
162,1417521560,494993628,2,200,197,1962,20155002,0
162,1417521560,501993537,3,200,201,1755,20192002,0
162,1417521560,501993537,5,200,201,1765,20191002,0
163,1417521560,501993537,1,200,201,1765,20191002,0
163,1417521560,501993537,53,200,199,465,16758002,0
163,1417521560,509993434,4,200,199,1289,18731002,0
163,1417521560,512993396,50,200,199,1190,20512002,1
163,1417521560,512993396,51,200,199,1709,20340002,0
164,1417521560,512993396,52,200,198,1567,20409002,0
164,1417521560,514993370,54,200,198,1190,20607002,1
164,1417521560,514993370,1,200,201,1765,20196002,0
164,1417521560,521993280,2,200,198,1962,20197002,0
164,1417521560,521993280,5,200,201,1765,20153002,0
165,1417521560,521993280,3,200,201,1755,20190002,0
165,1417521560,521993280,53,200,199,465,16892002,0
165,1417521560,529993177,4,200,199,1288,18793002,0
165,1417521560,533993126,51,200,199,1709,20427002,1
165,1417521560,533993126,50,200,199,1190,20377002,0
166,1417521560,533993126,54,200,199,1190,20297002,0
166,1417521560,534993113,52,200,199,1567,20458002,0
166,1417521560,535993100,3,200,201,1755,20213002,0
166,1417521560,541993023,2,200,199,1962,20176002,0
166,1417521560,541993023,5,200,201,1765,20221002,0
167,1417521560,542993010,1,200,201,1765,20254002,0
167,1417521560,542993010,53,200,197,440,16905002,0
167,1417521560,550992907,4,200,199,1288,18711002,0
167,1417521560,553992868,51,200,199,1709,20376002,0
167,1417521560,553992868,54,200,199,1190,20354002,1
168,1417521560,555992842,50,200,199,1190,20634002,0
168,1417521560,555992842,52,200,199,1567,20304002,0
168,1417521560,555992842,5,200,201,1765,20165002,0
168,1417521560,562992752,1,200,201,1765,20132002,0
168,1417521560,562992752,3,200,201,1761,20185002,0
169,1417521560,562992752,2,200,197,1935,20196002,0
169,1417521560,562992752,53,200,198,440,16993000,0
169,1417521560,570992649,4,200,199,1288,18546002,0
169,1417521560,573992611,54,200,199,1190,20708000,1
169,1417521560,575992585,51,200,199,1708,20370000,0
170,1417521560,575992585,52,200,199,1567,20760000,1
170,1417521560,575992585,50,200,198,1172,20404000,0
170,1417521560,576992572,3,200,201,1761,20187002,0
170,1417521560,582992495,2,200,198,1935,20152002,0
170,1417521560,582992495,1,200,201,1765,20193002,0
171,1417521560,582992495,5,200,201,1765,20208002,0
171,1417521560,582992495,53,200,199,440,17270000,0
171,1417521560,591992379,4,200,199,1282,18433002,0
171,1417521560,594992340,51,200,199,1708,20551000,1
171,1417521560,596992314,50,200,199,1172,20527000,0
172,1417521560,596992314,54,200,198,1172,13635000,0
172,1417521560,596992314,52,200,199,1564,20763000,1
172,1417521560,596992314,5,200,201,1765,20186000,0
172,1417521560,602992237,1,200,201,1765,20185000,0
172,1417521560,602992237,3,200,201,1761,20202000,0
173,1417521560,602992237,2,200,199,1935,20153000,0
173,1417521560,602992237,53,200,199,440,17422000,0
173,1417521560,611992121,4,200,199,1282,18234000,0
173,1417521560,614992083,50,200,199,1172,20490000,2
173,1417521560,616992057,54,200,199,1172,20718000,4
174,1417521560,616992057,52,200,199,1564,20344000,0
174,1417521560,616992057,51,200,199,1708,20578000,0
174,1417521560,616992057,2,200,199,1935,20185000,0
174,1417521560,622991980,3,200,201,1773,20183000,0
174,1417521560,622991980,5,200,201,1765,20204000,0
175,1417521560,622991980,1,200,201,1765,20153000,0
175,1417521560,623991967,53,200,199,440,17675000,0
175,1417521560,632991851,4,200,199,1282,18033000,0
175,1417521560,634991825,52,200,199,1564,20292000,0
175,1417521560,636991799,51,200,199,1708,20163000,0
176,1417521560,637991787,50,200,201,1201,20302000,0
176,1417521560,637991787,54,200,199,1172,20263000,0
176,1417521560,637991787,2,200,198,1919,20190000,0
176,1417521560,642991722,3,200,201,1773,20208000,0
176,1417521560,642991722,5,200,201,1765,20200000,0
177,1417521560,643991709,1,200,201,1765,20195000,0
177,1417521560,643991709,53,200,199,440,17775000,0
177,1417521560,652991593,4,200,199,1282,17957000,0
177,1417521560,654991568,54,200,201,1201,20260000,0
177,1417521560,657991529,50,200,201,1201,20298000,0
178,1417521560,657991529,52,200,199,1564,20316000,0
178,1417521560,657991529,51,200,197,1684,20278000,0
178,1417521560,657991529,2,200,199,1919,20158000,0
178,1417521560,663991452,3,200,201,1773,20166000,0
178,1417521560,663991452,1,200,201,1765,20177000,0
179,1417521560,663991452,5,200,201,1765,20188000,0
179,1417521560,663991452,53,200,199,440,18000000,0
179,1417521560,673991323,4,200,199,1289,17929000,0
179,1417521560,675991297,54,200,201,1201,20374000,0
179,1417521560,677991272,50,200,201,1201,20320000,0
180,1417521560,677991272,52,200,199,1564,20310000,0
180,1417521560,677991272,51,200,198,1684,20298000,0
180,1417521560,678991259,3,200,201,1788,20145000,0
180,1417521560,683991194,2,200,199,1919,20198000,0
180,1417521560,683991194,1,200,201,1765,20188000,0
181,1417521560,683991194,5,200,201,1765,20196000,0
181,1417521560,683991194,53,200,199,440,18206000,0
181,1417521560,694991053,4,200,199,1289,17844000,0
181,1417521560,694991053,54,200,201,1201,20237000,0
181,1417521560,697991014,52,200,199,1564,20200000,0
182,1417521560,698991001,51,200,199,1684,20275000,0
182,1417521560,698991001,50,200,202,1224,20254000,0
182,1417521560,698991001,1,200,201,1765,20180000,0
182,1417521560,703990937,5,200,201,1765,20187000,0
182,1417521560,703990937,2,200,199,1914,20174000,0
183,1417521560,703990937,3,200,201,1788,20146000,0
183,1417521560,703990937,53,200,199,440,18646000,0
183,1417521560,714990795,4,200,199,1289,17835000,0
183,1417521560,714990795,54,200,202,1224,20271000,0
183,1417521560,718990744,51,200,197,1657,20276000,0
184,1417521560,718990744,50,200,201,1224,20256000,0
184,1417521560,718990744,52,200,199,1554,20211000,0
184,1417521560,718990744,1,200,201,1765,20253000,0
184,1417521560,723990679,3,200,201,1788,20213000,0
184,1417521560,723990679,5,200,201,1765,20260000,0
185,1417521560,724990666,2,200,199,1914,20267000,0
185,1417521560,724990666,53,200,199,440,18877000,0
185,1417521560,735990525,4,200,199,1287,20352000,1
185,1417521560,735990525,51,200,198,1657,20296000,0
185,1417521560,738990486,50,200,201,1224,20275000,0
186,1417521560,738990486,52,200,199,1554,20310000,0
186,1417521560,738990486,54,200,201,1224,20292000,0
186,1417521560,738990486,3,200,201,1788,20134000,0
186,1417521560,744990409,2,200,199,1914,20213000,0
186,1417521560,744990409,1,200,201,1765,20225000,0
187,1417521560,744990409,5,200,201,1765,20210000,0
187,1417521560,744990409,53,200,199,440,19225000,0
187,1417521560,755990267,4,200,199,1287,17798000,0
187,1417521560,755990267,54,200,201,1224,20215000,0
187,1417521560,758990229,52,200,199,1554,20233000,0
188,1417521560,759990216,50,200,201,1224,20264000,0
188,1417521560,759990216,51,200,199,1657,20309000,0
188,1417521560,759990216,5,200,201,1765,20191000,0
188,1417521560,764990151,1,200,201,1765,20190000,0
188,1417521560,764990151,3,200,202,1810,20192000,0
189,1417521560,764990151,2,200,199,1907,20148000,0
189,1417521560,764990151,53,200,199,440,19430000,0
189,1417521560,776989997,4,200,199,1287,17576000,0
189,1417521560,776989997,52,200,199,1554,20284000,0
189,1417521560,779989958,51,200,197,1634,20292000,0
190,1417521560,779989958,50,200,201,1237,20260000,0
190,1417521560,779989958,54,200,201,1224,20304000,0
190,1417521560,779989958,3,200,201,1810,20201000,0
190,1417521560,784989894,2,200,199,1907,20153000,0
190,1417521560,784989894,1,200,201,1765,20186000,0
191,1417521560,784989894,5,200,201,1765,20231000,0
191,1417521560,784989894,4,200,198,1268,17503000,0
191,1417521560,796989740,53,200,199,440,19768000,0
191,1417521560,796989740,51,200,198,1634,20296000,0
191,1417521560,799989701,52,200,199,1547,20252000,0
192,1417521560,799989701,54,200,201,1237,20256000,0
192,1417521560,799989701,50,200,201,1237,20276000,0
192,1417521560,799989701,5,200,201,1765,20169000,0
192,1417521560,804989637,1,200,201,1765,20183000,0
192,1417521560,804989637,3,200,201,1810,20197000,0
193,1417521560,804989637,2,200,199,1907,20201000,0
193,1417521560,804989637,4,200,199,1268,20282000,1
193,1417521560,817989469,53,200,199,440,17547000,0
193,1417521560,817989469,50,200,201,1237,20288000,0
193,1417521560,819989443,54,200,201,1237,20313000,0
194,1417521560,820989431,51,200,199,1634,20330000,0
194,1417521560,820989431,52,200,199,1547,20215000,0
194,1417521560,820989431,5,200,201,1765,20193000,0
194,1417521560,824989379,1,200,201,1765,20162000,0
194,1417521560,824989379,3,200,201,1818,20178000,0
195,1417521560,825989366,2,200,199,1907,7985000,0
195,1417521560,825989366,4,200,199,1268,19929000,0
195,1417521560,837989212,53,200,199,440,17711000,0
195,1417521560,837989212,54,200,201,1237,20283000,0
195,1417521560,840989173,52,200,199,1547,20249000,0
196,1417521560,840989173,51,200,199,1634,20285000,0
196,1417521560,840989173,50,200,201,1250,20176000,0
196,1417521560,840989173,1,200,201,1765,20117000,0
196,1417521560,845989109,3,200,201,1818,20209000,0
196,1417521560,845989109,5,200,201,1765,20212000,0
197,1417521560,845989109,2,200,199,1898,7978000,0
197,1417521560,845989109,4,200,199,1268,19758000,0
197,1417521560,857988954,53,200,199,440,17708000,0
197,1417521560,857988954,50,200,201,1250,20152000,0
197,1417521560,860988916,51,200,197,1604,20294000,0
198,1417521560,860988916,52,200,198,1533,20254000,0
198,1417521560,860988916,54,200,201,1250,20280000,0
198,1417521560,860988916,5,200,201,1765,20093000,0
198,1417521560,865988851,1,200,201,1765,20210000,0
198,1417521560,865988851,3,200,201,1818,20192000,0
199,1417521560,865988851,2,200,199,1898,20272000,4
199,1417521560,865988851,4,200,198,1256,19644000,0
199,1417521560,877988697,53,200,199,440,17552000,0
199,1417521560,877988697,52,200,199,1533,20208000,0
199,1417521560,880988658,50,200,201,1250,20310000,0
200,1417521560,880988658,54,200,201,1250,20246000,0
200,1417521560,881988645,51,200,198,1604,20299000,0
200,1417521560,881988645,5,200,201,1765,20200000,0
200,1417521560,885988594,1,200,201,1765,20206000,0
200,1417521560,885988594,3,200,202,1838,20159000,0
201,1417521560,885988594,2,200,199,1898,20221000,0
201,1417521560,885988594,4,200,199,1256,19550000,0
201,1417521560,897988439,53,200,199,440,17724000,0
201,1417521560,898988426,52,200,199,1533,20286000,0
201,1417521560,901988388,54,200,201,1250,20245000,0
202,1417521560,901988388,51,200,199,1604,20293000,0
202,1417521560,901988388,50,200,200,1244,20156000,0
202,1417521560,901988388,1,200,201,1765,20203000,0
202,1417521560,905988336,5,200,201,1765,20200000,0
202,1417521560,905988336,3,200,201,1838,20163000,0
203,1417521560,905988336,2,200,198,1882,20155000,0
203,1417521560,905988336,4,200,199,1256,19374000,0
203,1417521560,918988169,53,200,199,440,17828000,0
203,1417521560,918988169,54,200,200,1244,20154000,0
203,1417521560,921988130,52,200,197,1510,20267000,0
204,1417521560,921988130,51,200,198,1593,20267001,0
204,1417521560,921988130,50,200,200,1244,20181000,0
204,1417521560,921988130,5,200,201,1765,20165000,0
204,1417521560,925988079,3,200,201,1838,20192000,0
204,1417521560,926988066,2,200,199,1882,20269000,0
205,1417521560,926988066,1,200,201,1765,20323000,0
205,1417521560,926988066,4,200,199,1253,19308001,0
205,1417521560,938987911,53,200,199,440,17833000,0
205,1417521560,938987911,51,200,199,1593,20284000,0
205,1417521560,941987873,50,200,200,1244,20236001,0
206,1417521560,941987873,52,200,198,1510,20114001,0
206,1417521560,942987860,54,200,200,1244,20338000,0
206,1417521560,942987860,3,200,201,1838,20154000,0
206,1417521560,946987808,1,200,201,1765,20261000,0
206,1417521560,946987808,2,200,199,1882,20145000,0
207,1417521560,946987808,5,200,201,1765,7968000,0
207,1417521560,946987808,4,200,199,1253,19056001,0
207,1417521560,958987654,53,200,199,440,18084001,0
207,1417521560,958987654,51,200,199,1593,20369001,0
207,1417521560,962987602,52,200,199,1510,20270001,0
208,1417521560,962987602,50,200,200,1244,20233001,0
208,1417521560,962987602,54,200,200,1244,20523001,0
208,1417521560,962987602,3,200,202,1865,20184001,0
208,1417521560,966987551,1,200,201,1765,20188001,0
208,1417521560,966987551,2,200,196,1848,20283000,0
209,1417521560,966987551,5,200,201,1765,7996000,0
209,1417521560,966987551,4,200,199,1253,18770001,0
209,1417521560,978987396,53,200,199,440,18236001,0
209,1417521560,980987371,50,200,199,1234,20368001,0
209,1417521560,982987345,51,200,199,1589,20192001,0
210,1417521560,982987345,52,200,199,1510,20367001,0
210,1417521560,982987345,54,200,200,1244,20364001,0
210,1417521560,983987332,3,200,201,1865,20169001,0
210,1417521560,986987293,2,200,197,1848,20275001,0
210,1417521560,986987293,5,200,201,1765,20270001,4
211,1417521560,986987293,1,200,201,1765,20294001,0
211,1417521560,987987280,4,200,199,1243,18468000,0
211,1417521561,0,53,200,199,440,18383001,0
211,1417521561,1999975,50,200,199,1234,20410001,0
211,1417521561,3999949,52,200,197,1487,20405001,0
212,1417521561,3999949,51,200,199,1589,20280001,0
212,1417521561,3999949,54,200,199,1234,20450001,0
212,1417521561,3999949,3,200,201,1865,20227001,0
212,1417521561,6999910,5,200,201,1765,20150001,0
212,1417521561,7999898,1,200,201,1765,20289001,3
213,1417521561,7999898,2,200,198,1848,20304001,2
213,1417521561,7999898,4,200,199,1243,18204001,0
213,1417521561,19999743,53,200,199,440,18562001,0
213,1417521561,21999717,51,200,199,1589,20174001,0
213,1417521561,23999692,50,200,199,1234,20413001,0
214,1417521561,23999692,52,200,198,1487,20409001,0
214,1417521561,23999692,54,200,199,1234,20422001,0
214,1417521561,23999692,1,200,201,1765,20259001,0
214,1417521561,27999640,5,200,201,1765,20299001,0
214,1417521561,27999640,3,200,202,1887,20288001,0
215,1417521561,27999640,2,200,199,1848,20523001,0
215,1417521561,27999640,4,200,199,1243,17922001,0
215,1417521561,39999486,53,200,199,440,18455001,0
215,1417521561,42999447,50,200,199,1243,20392001,0
215,1417521561,42999447,51,200,199,1589,19947001,0
216,1417521561,42999447,54,200,199,1234,17053001,0
216,1417521561,44999421,52,200,199,1487,21322001,0
216,1417521561,44999421,5,200,201,1765,20170001,0
216,1417521561,47999383,1,200,201,1765,20091001,0
216,1417521561,47999383,2,200,197,1819,20208001,0
217,1417521561,47999383,3,200,201,1887,8931001,0
217,1417521561,47999383,4,200,199,1243,17832001,0
217,1417521561,60999215,53,200,199,440,18841001,0
217,1417521561,63999177,50,200,199,1243,20702001,0
217,1417521561,63999177,51,200,197,1568,20523001,0
218,1417521561,63999177,54,200,199,1243,21047001,2
218,1417521561,65999151,52,200,199,1482,17280001,0
218,1417521561,65999151,5,200,201,1765,20053001,0
218,1417521561,67999125,1,200,201,1765,20139001,0
218,1417521561,68999112,2,200,198,1819,20436001,1
219,1417521561,68999112,3,200,201,1887,8778001,0
219,1417521561,68999112,4,200,199,1246,17568001,0
219,1417521561,80998958,53,200,199,440,18822001,0
219,1417521561,83998919,50,200,199,1243,20763001,2
219,1417521561,83998919,51,200,198,1568,20616001,0
220,1417521561,83998919,52,200,199,1482,17455001,0
220,1417521561,85998893,54,200,199,1243,20178001,0
220,1417521561,85998893,1,200,201,1765,20261001,0
220,1417521561,88998855,5,200,194,1691,20028001,0
220,1417521561,88998855,2,200,199,1819,20397001,1
221,1417521561,88998855,3,200,202,1909,8679001,0
221,1417521561,88998855,4,200,199,1246,17389001,0
221,1417521561,100998700,53,200,199,440,18819001,0
221,1417521561,103998662,50,200,200,1260,20374001,0
221,1417521561,104998649,51,200,199,1568,20299001,0
222,1417521561,104998649,54,200,199,1243,20278001,0
222,1417521561,105998636,52,200,199,1482,20331001,1
222,1417521561,105998636,5,200,195,1691,20274001,0
222,1417521561,108998597,2,200,198,1800,20404001,1
222,1417521561,108998597,1,200,194,1691,20300001,0
223,1417521561,108998597,3,200,201,1909,8584001,0
223,1417521561,108998597,4,200,199,1246,20422001,1
223,1417521561,121998430,53,200,199,440,18859001,0
223,1417521561,124998391,51,200,199,1560,20332001,0
223,1417521561,124998391,50,200,200,1260,20110001,0
224,1417521561,124998391,54,200,200,1260,17448001,0
224,1417521561,126998365,52,200,199,1475,17457001,0
224,1417521561,126998365,5,200,196,1691,20257001,0
224,1417521561,128998340,2,200,199,1800,20431001,1
224,1417521561,129998327,1,200,195,1691,20634001,1
225,1417521561,129998327,3,200,201,1909,20345001,1
225,1417521561,129998327,4,200,199,1249,17252001,0
225,1417521561,141998172,53,200,199,440,18839001,0
225,1417521561,144998134,54,200,200,1260,20795001,3
225,1417521561,144998134,52,200,199,1475,20518001,4
226,1417521561,145998121,51,200,199,1560,20526001,0
226,1417521561,146998108,50,200,200,1260,20933001,1
226,1417521561,146998108,5,200,197,1691,20248001,0
226,1417521561,149998069,2,200,199,1800,20298001,0
226,1417521561,149998069,1,200,196,1691,20245001,0
227,1417521561,149998069,3,200,201,1909,8512001,0
227,1417521561,149998069,4,200,199,1249,17170001,0
227,1417521561,161997915,53,200,199,440,18617001,0
227,1417521561,165997863,52,200,199,1475,20404001,0
227,1417521561,165997863,51,200,199,1560,17754001,0
228,1417521561,167997838,54,200,200,1260,20865001,1
228,1417521561,167997838,50,200,200,1260,20976001,1
228,1417521561,167997838,5,200,198,1691,20338001,0
228,1417521561,169997812,2,200,199,1791,20108001,0
228,1417521561,169997812,1,200,197,1691,19877001,0
229,1417521561,169997812,3,200,201,1921,8316001,0
229,1417521561,169997812,4,200,199,1249,17009001,0
229,1417521561,182997644,53,200,199,440,18707001,0
229,1417521561,185997606,52,200,199,1475,20305001,0
229,1417521561,185997606,51,200,198,1544,20627001,4
230,1417521561,187997580,54,200,200,1260,20408001,0
230,1417521561,187997580,50,200,201,1283,20707001,1
230,1417521561,187997580,5,200,199,1691,20245001,0
230,1417521561,189997554,2,200,199,1791,20490001,2
230,1417521561,190997541,1,200,198,1691,20033001,0
231,1417521561,190997541,3,200,201,1921,8365001,0
231,1417521561,190997541,4,200,198,1232,16974001,0
231,1417521561,202997387,53,200,199,440,18698001,0
231,1417521561,206997335,51,200,199,1544,20189001,0
231,1417521561,208997310,52,200,198,1457,20369001,0
232,1417521561,208997310,54,200,201,1283,20779001,1
232,1417521561,208997310,50,200,201,1283,20893001,1
232,1417521561,208997310,2,200,199,1791,20362001,0
232,1417521561,210997284,5,200,199,1691,20259001,0
232,1417521561,210997284,1,200,199,1691,20042001,0
233,1417521561,210997284,3,200,201,1921,8263001,0
233,1417521561,210997284,4,200,199,1232,16871001,0
233,1417521561,223997117,53,200,201,469,18643001,0
233,1417521561,226997078,52,200,199,1457,20425001,0
233,1417521561,228997052,51,200,199,1544,20526001,0
234,1417521561,228997052,50,200,201,1283,20634001,1
234,1417521561,228997052,54,200,201,1283,20685001,0
234,1417521561,228997052,2,200,199,1791,20273001,0
234,1417521561,230997026,5,200,199,1691,20518001,0
234,1417521561,230997026,1,200,199,1691,20776001,2
235,1417521561,230997026,3,200,202,1950,20956001,4
235,1417521561,230997026,4,200,199,1232,16791001,0
235,1417521561,243996859,53,200,201,469,18856001,0
235,1417521561,247996808,52,200,199,1457,20437001,0
235,1417521561,247996808,50,200,202,1310,20318001,0
236,1417521561,248996795,54,200,201,1283,20405001,0
236,1417521561,249996782,51,200,199,1544,20118001,0
236,1417521561,249996782,2,200,200,1802,20266001,0
236,1417521561,250996769,5,200,199,1691,20266001,0
236,1417521561,251996756,1,200,199,1691,20184001,0
237,1417521561,251996756,3,200,201,1950,20009001,0
237,1417521561,251996756,4,200,199,1232,16746001,0
237,1417521561,263996602,53,200,201,469,18965001,0
237,1417521561,267996550,52,200,198,1439,20397001,0
237,1417521561,267996550,51,200,197,1517,18160001,0
238,1417521561,268996537,54,200,202,1310,20454001,2
238,1417521561,268996537,50,200,201,1310,18489001,0
238,1417521561,269996524,2,200,200,1802,20327001,0
238,1417521561,269996524,5,200,199,1691,20327001,0
238,1417521561,269996524,1,200,199,1691,20184001,0
239,1417521561,271996499,3,200,201,1950,20238001,0
239,1417521561,271996499,4,200,198,1216,16496001,0
239,1417521561,284996331,53,200,201,469,18887001,0
239,1417521561,288996280,52,200,199,1439,20539001,1
239,1417521561,288996280,54,200,201,1310,20278001,0
240,1417521561,288996280,50,200,201,1310,18548001,0
240,1417521561,288996280,51,200,198,1517,18584001,0
240,1417521561,288996280,2,200,200,1802,20311001,0
240,1417521561,291996241,1,200,199,1691,20437001,2
240,1417521561,291996241,3,200,203,1985,20244001,0
241,1417521561,291996241,5,200,199,1691,20299001,0
241,1417521561,291996241,4,200,199,1216,16242001,0
241,1417521561,304996074,53,200,201,469,19257002,0
241,1417521561,308996022,52,200,199,1439,20215001,0
241,1417521561,308996022,54,200,201,1310,20259001,0
242,1417521561,309996009,50,200,201,1328,20516001,2
242,1417521561,309996009,51,200,199,1517,20804001,4
242,1417521561,309996009,2,200,201,1822,20306001,0
242,1417521561,311995984,3,200,202,1985,20365001,1
242,1417521561,311995984,1,200,199,1691,7797001,0
243,1417521561,312995971,5,200,199,1691,20288001,0
243,1417521561,312995971,4,200,199,1216,16066001,0
243,1417521561,324995816,53,200,201,469,19150002,0
243,1417521561,329995752,52,200,197,1411,20330001,0
243,1417521561,329995752,50,200,201,1328,20730002,1
244,1417521561,329995752,51,200,199,1508,20278002,0
244,1417521561,329995752,54,200,201,1328,20514001,1
244,1417521561,329995752,3,200,201,1985,20507001,3
244,1417521561,332995713,2,200,201,1822,20357001,0
244,1417521561,332995713,1,200,199,1691,20474001,1
245,1417521561,332995713,5,200,199,1691,20596001,1
245,1417521561,332995713,4,200,198,1197,15848001,0
245,1417521561,345995546,53,200,201,469,19360001,0
245,1417521561,349995494,54,200,201,1328,20637001,1
245,1417521561,349995494,52,200,198,1411,20361002,0
246,1417521561,350995482,50,200,201,1328,20705002,1
246,1417521561,350995482,51,200,199,1508,20371002,0
246,1417521561,350995482,2,200,201,1822,20354001,0
246,1417521561,352995456,3,200,201,1985,19961001,0
246,1417521561,352995456,1,200,199,1691,20345001,0
247,1417521561,352995456,5,200,199,1691,20299002,0
247,1417521561,352995456,4,200,199,1197,15680001,0
247,1417521561,365995288,53,200,201,469,19584001,0
247,1417521561,370995224,51,200,199,1508,20267001,0
247,1417521561,370995224,54,200,201,1328,20594002,1
248,1417521561,370995224,50,200,201,1328,20657001,1
248,1417521561,370995224,52,200,199,1411,20205002,0
248,1417521561,370995224,3,200,200,1977,20186001,0
248,1417521561,372995198,2,200,201,1835,20336002,0
248,1417521561,372995198,1,200,199,1691,7691002,0
249,1417521561,374995173,5,200,199,1691,7698001,0
249,1417521561,374995173,4,200,199,1197,15636001,0
249,1417521561,386995018,53,200,201,469,19323002,0
249,1417521561,391994954,51,200,197,1487,20182002,0
249,1417521561,391994954,52,200,199,1411,20268002,0
250,1417521561,391994954,54,200,201,1328,20213002,0
250,1417521561,391994954,50,200,201,1335,20124002,0
250,1417521561,392994941,2,200,201,1835,20137002,0
250,1417521561,394994915,1,200,199,1691,20306002,1
250,1417521561,394994915,3,200,200,1977,20457002,0
251,1417521561,394994915,5,200,199,1691,7747002,0
251,1417521561,394994915,4,200,197,1171,15615002,0
251,1417521561,407994748,53,200,201,469,19390002,0
251,1417521561,411994696,50,200,201,1335,20160002,0
251,1417521561,412994683,54,200,201,1335,20281002,0
252,1417521561,412994683,52,200,198,1391,20281002,0
252,1417521561,412994683,51,200,198,1487,20251002,0
252,1417521561,412994683,2,200,201,1835,20433002,2
252,1417521561,414994658,3,200,200,1977,20586002,2
252,1417521561,414994658,1,200,199,1691,20540001,3
253,1417521561,414994658,5,200,199,1691,7670002,0
253,1417521561,414994658,4,200,198,1171,15522002,0
253,1417521561,427994490,53,200,201,469,19397002,0
253,1417521561,432994426,54,200,201,1335,20286002,0
253,1417521561,432994426,51,200,199,1487,20231002,0
254,1417521561,432994426,50,200,201,1335,20195002,0
254,1417521561,432994426,52,200,199,1391,20285002,0
254,1417521561,432994426,2,200,201,1835,20321002,0
254,1417521561,434994400,3,200,199,1974,20201002,0
254,1417521561,434994400,1,200,199,1691,20365002,0
255,1417521561,435994387,5,200,199,1691,20334002,4
255,1417521561,435994387,4,200,199,1171,15607002,0
255,1417521561,447994233,53,200,201,469,19456002,0
255,1417521561,452994168,50,200,201,1344,20139002,0
255,1417521561,452994168,51,200,199,1487,20247002,0
256,1417521561,452994168,52,200,199,1391,20294002,0
256,1417521561,452994168,54,200,201,1335,20251002,0
256,1417521561,453994155,2,200,200,1832,20296002,0
256,1417521561,455994130,3,200,199,1974,20252002,0
256,1417521561,455994130,1,200,199,1691,20355002,2
257,1417521561,455994130,5,200,199,1691,20316002,0
257,1417521561,455994130,4,200,199,1171,15407002,0
257,1417521561,468993962,53,200,201,469,19487002,0
257,1417521561,473993898,54,200,201,1344,20317002,0
257,1417521561,473993898,52,200,199,1393,20170002,0
258,1417521561,473993898,51,200,199,1490,20327002,0
258,1417521561,473993898,50,200,201,1344,20378002,0
258,1417521561,473993898,2,200,200,1832,20239002,0
258,1417521561,475993872,3,200,199,1974,20262002,0
258,1417521561,475993872,1,200,199,1691,20225002,0
259,1417521561,475993872,5,200,199,1691,20242002,0
259,1417521561,475993872,4,200,198,1160,15315002,0
259,1417521561,488993705,53,200,201,469,19589002,0
259,1417521561,493993640,54,200,201,1344,20214002,0
259,1417521561,493993640,52,200,199,1393,20117002,0
260,1417521561,493993640,51,200,199,1490,20209002,0
260,1417521561,493993640,50,200,201,1344,20288002,0
260,1417521561,493993640,3,200,199,1971,20257002,0
260,1417521561,495993615,2,200,200,1832,20218002,0
260,1417521561,495993615,1,200,199,1691,20186002,0
261,1417521561,495993615,5,200,199,1691,20343002,0
261,1417521561,495993615,4,200,199,1160,15123002,0
261,1417521561,508993447,53,200,201,469,19792002,0
261,1417521561,514993370,54,200,201,1344,20230002,0
261,1417521561,514993370,51,200,199,1490,20254002,0
262,1417521561,514993370,50,200,201,1355,20261002,0
262,1417521561,514993370,52,200,199,1393,20178002,0
262,1417521561,514993370,1,200,199,1691,20185002,0
262,1417521561,515993357,2,200,199,1819,20226002,0
262,1417521561,516993344,3,200,199,1971,20260002,0
263,1417521561,516993344,5,200,199,1691,7402002,0
263,1417521561,516993344,4,200,199,1160,14907002,0
263,1417521561,528993190,53,200,201,469,19938002,0
263,1417521561,534993113,50,200,201,1355,20227002,0
263,1417521561,534993113,51,200,199,1490,20230002,0
264,1417521561,534993113,52,200,198,1376,20159002,0
264,1417521561,534993113,54,200,201,1355,20203002,0
264,1417521561,534993113,5,200,199,1691,20358002,4
264,1417521561,536993087,3,200,199,1971,20237002,0
264,1417521561,536993087,1,200,199,1691,20232002,0
265,1417521561,536993087,2,200,199,1819,20240002,0
265,1417521561,536993087,4,200,199,1163,14605002,0
265,1417521561,549992920,53,200,201,469,20015002,0
265,1417521561,554992855,52,200,199,1376,20179002,0
265,1417521561,554992855,50,200,201,1355,20397002,0
266,1417521561,555992842,51,200,199,1490,20391002,0
266,1417521561,555992842,54,200,201,1355,20339002,0
266,1417521561,555992842,5,200,199,1691,20202002,0
266,1417521561,555992842,1,200,199,1691,20229002,0
266,1417521561,555992842,2,200,199,1819,20234002,0
267,1417521561,555992842,3,200,199,1971,20225002,0
267,1417521561,555992842,4,200,199,1163,14451002,0
267,1417521561,569992662,53,200,201,469,20549000,1
267,1417521561,575992585,52,200,199,1376,20310000,0
267,1417521561,575992585,54,200,201,1355,20580000,2
268,1417521561,575992585,50,200,201,1355,20350000,0
268,1417521561,575992585,51,200,199,1490,18743000,0
268,1417521561,575992585,1,200,199,1691,20199002,0
268,1417521561,575992585,5,200,199,1691,20208002,0
268,1417521561,575992585,2,200,199,1818,20193002,0
269,1417521561,576992572,3,200,198,1955,20160002,0
269,1417521561,576992572,4,200,199,1163,14365002,0
269,1417521561,589992405,52,200,199,1376,20545000,1
269,1417521561,595992327,53,200,201,469,20209000,0
269,1417521561,595992327,50,200,202,1375,20501000,3
270,1417521561,595992327,51,200,199,1491,20764000,5
270,1417521561,595992327,54,200,201,1355,20339000,0
270,1417521561,596992314,1,200,199,1691,20211000,0
270,1417521561,596992314,5,200,199,1691,20188000,0
270,1417521561,596992314,2,200,199,1818,20158000,0
271,1417521561,596992314,3,200,199,1955,20198000,0
271,1417521561,596992314,4,200,199,1159,14173000,0
271,1417521561,609992147,53,200,201,469,20335000,0
271,1417521561,616992057,50,200,201,1375,20765000,1
271,1417521561,616992057,51,200,199,1491,20232000,0
272,1417521561,616992057,54,200,202,1375,20409000,1
272,1417521561,616992057,52,200,197,1348,20512000,0
272,1417521561,616992057,3,200,199,1955,20192000,0
272,1417521561,616992057,1,200,199,1691,20197000,0
272,1417521561,616992057,2,200,199,1818,20196000,0
273,1417521561,616992057,5,200,199,1691,20152000,0
273,1417521561,616992057,4,200,199,1159,14050000,0
273,1417521561,629991890,51,200,199,1491,20278000,0
273,1417521561,636991799,53,200,199,441,20438000,0
273,1417521561,636991799,50,200,201,1375,20245000,0
274,1417521561,636991799,52,200,198,1348,20371000,0
274,1417521561,636991799,54,200,201,1375,20369000,0
274,1417521561,637991787,1,200,199,1691,20218000,0
274,1417521561,637991787,5,200,190,1592,20242000,0
274,1417521561,637991787,3,200,199,1962,20280000,0
275,1417521561,637991787,2,200,199,1818,20256000,0
275,1417521561,637991787,4,200,199,1159,13946000,0
275,1417521561,650991619,50,200,202,1402,20674000,1
275,1417521561,657991529,53,200,199,441,20718000,1
275,1417521561,657991529,51,200,199,1491,20379000,0
276,1417521561,657991529,52,200,199,1348,20910000,1
276,1417521561,657991529,54,200,201,1375,19987000,0
276,1417521561,657991529,2,200,201,1844,20949000,1
276,1417521561,657991529,1,200,190,1592,20980000,1
276,1417521561,657991529,3,200,199,1962,21044000,1
277,1417521561,657991529,5,200,191,1592,20956000,1
277,1417521561,657991529,4,200,199,1159,13746000,0
277,1417521561,670991362,50,200,201,1402,20422000,0
277,1417521561,677991272,51,200,199,1500,20256000,0
277,1417521561,677991272,53,200,199,441,20103000,0
278,1417521561,677991272,52,200,198,1333,20267000,0
278,1417521561,677991272,54,200,202,1402,19941000,0
278,1417521561,677991272,1,200,191,1592,20181000,0
278,1417521561,677991272,3,200,199,1962,20195000,0
278,1417521561,677991272,2,200,201,1844,20216000,0
279,1417521561,678991259,5,200,192,1592,20120000,0
279,1417521561,678991259,4,200,198,1140,13735000,0
279,1417521561,691991091,51,200,199,1500,20238000,0
279,1417521561,697991014,53,200,199,441,20344000,0
279,1417521561,697991014,50,200,201,1402,20236000,0
280,1417521561,697991014,54,200,201,1402,20396000,3
280,1417521561,698991001,52,200,199,1333,19994000,0
280,1417521561,698991001,1,200,192,1592,20536000,2
280,1417521561,698991001,3,200,199,1954,20665000,1
280,1417521561,698991001,2,200,201,1844,20717000,1
281,1417521561,698991001,5,200,193,1592,20782000,3
281,1417521561,698991001,4,200,199,1140,13751000,0
281,1417521561,711990834,50,200,201,1421,20315000,0
281,1417521561,718990744,51,200,199,1500,20309000,0
281,1417521561,718990744,53,200,199,441,19977000,0
282,1417521561,718990744,52,200,199,1333,20354000,1
282,1417521561,718990744,54,200,201,1402,20414000,1
282,1417521561,718990744,2,200,202,1873,20386000,0
282,1417521561,718990744,1,200,193,1592,20576000,2
282,1417521561,718990744,3,200,199,1954,20579000,0
283,1417521561,718990744,5,200,194,1592,20213000,0
283,1417521561,718990744,4,200,199,1140,13411000,0
283,1417521561,732990563,51,200,198,1485,20207000,0
283,1417521561,738990486,50,200,201,1421,20373000,0
283,1417521561,738990486,54,200,201,1421,20448000,2
284,1417521561,738990486,52,200,198,1313,20540000,3
284,1417521561,738990486,53,200,199,441,20845000,1
284,1417521561,738990486,1,200,194,1592,20512000,0
284,1417521561,739990473,2,200,201,1873,20688000,3
284,1417521561,739990473,3,200,199,1954,20686000,0
285,1417521561,739990473,5,200,195,1592,7729000,0
285,1417521561,739990473,4,200,198,1127,20616000,1
285,1417521561,752990306,51,200,199,1485,20347000,0
285,1417521561,758990229,50,200,201,1421,20230000,0
285,1417521561,758990229,54,200,201,1421,20185000,0
286,1417521561,759990216,52,200,199,1313,20505000,1
286,1417521561,759990216,53,200,199,441,20764000,1
286,1417521561,759990216,1,200,195,1592,20012000,0
286,1417521561,759990216,2,200,201,1873,20113000,0
286,1417521561,759990216,3,200,199,1954,19866000,0
287,1417521561,759990216,5,200,196,1592,7535000,0
287,1417521561,759990216,4,200,199,1127,13741000,0
287,1417521561,772990049,51,200,199,1485,20320000,0
287,1417521561,779989958,50,200,201,1421,20113000,0
287,1417521561,779989958,54,200,201,1421,20304000,0
288,1417521561,779989958,52,200,199,1313,20442000,0
288,1417521561,779989958,53,200,199,441,20884000,1
288,1417521561,779989958,1,200,196,1592,20628000,5
288,1417521561,779989958,2,200,204,1920,20620000,5
288,1417521561,779989958,3,200,199,1951,20045000,0
289,1417521561,779989958,5,200,197,1592,20344000,1
289,1417521561,779989958,4,200,199,1127,13675000,0
289,1417521561,792989791,50,200,201,1436,20145000,0
289,1417521561,799989701,51,200,198,1474,20312000,0
289,1417521561,799989701,54,200,201,1421,20312000,0
290,1417521561,799989701,1,200,197,1592,20078000,0
290,1417521561,799989701,52,200,199,1313,20360000,0
290,1417521561,799989701,2,200,203,1920,20328000,0
290,1417521561,800989688,53,200,199,441,20477000,0
290,1417521561,800989688,3,200,199,1951,20315000,1
291,1417521561,800989688,5,200,198,1592,20257000,0
291,1417521561,800989688,4,200,198,1107,13599000,0
291,1417521561,813989521,51,200,199,1474,20309000,0
291,1417521561,819989443,54,200,201,1436,20007000,0
291,1417521561,819989443,50,200,201,1436,20384000,0
292,1417521561,820989431,1,200,198,1592,20151000,0
292,1417521561,820989431,52,200,197,1283,20358000,0
292,1417521561,820989431,2,200,202,1920,20325000,0
292,1417521561,820989431,53,200,199,441,20347000,0
292,1417521561,820989431,3,200,199,1951,20392000,1
293,1417521561,820989431,5,200,199,1592,20255000,0
293,1417521561,820989431,4,200,199,1107,13576000,0
293,1417521561,833989263,50,200,201,1436,20065000,0
293,1417521561,840989173,51,200,199,1474,20183000,0
293,1417521561,840989173,54,200,201,1436,19892000,0
294,1417521561,840989173,1,200,199,1592,20300000,0
294,1417521561,840989173,2,200,201,1920,20369000,1
294,1417521561,840989173,3,200,199,1959,20628000,4
294,1417521561,840989173,52,200,198,1283,20146000,0
294,1417521561,840989173,53,200,199,441,20165000,0
295,1417521561,840989173,5,200,199,1592,7304000,0
295,1417521561,840989173,4,200,199,1107,13611000,0
295,1417521561,853989006,54,200,201,1436,20562000,1
295,1417521561,860988916,51,200,199,1474,20450000,0
295,1417521561,860988916,50,200,201,1444,20525000,0
296,1417521561,860988916,3,200,199,1959,20294000,2
296,1417521561,860988916,1,200,199,1592,20454000,1
296,1417521561,861988903,2,200,203,1952,20222000,0
296,1417521561,861988903,5,200,199,1592,20413000,2
296,1417521561,861988903,52,200,199,1283,20821000,2
297,1417521561,861988903,53,200,199,441,21071000,6
297,1417521561,861988903,4,200,199,1107,20294000,1
297,1417521561,874988735,1,200,199,1592,20214000,0
297,1417521561,880988658,3,200,199,1959,20167000,0
297,1417521561,881988645,2,200,202,1952,20162000,0
298,1417521561,881988645,5,200,199,1592,20296000,1
298,1417521561,881988645,51,200,200,1488,19913000,0
298,1417521561,881988645,54,200,201,1444,20638000,1
298,1417521561,881988645,52,200,199,1275,20683000,2
298,1417521561,881988645,50,200,201,1444,19723000,0
299,1417521561,881988645,53,200,199,441,20162000,0
299,1417521561,881988645,4,200,197,1078,13258000,0
299,1417521561,894988478,1,200,199,1592,20145000,0
299,1417521561,901988388,2,200,201,1952,20234000,1
299,1417521561,901988388,3,200,197,1932,20206000,0
300,1417521561,901988388,5,200,199,1592,20304000,5
300,1417521561,901988388,54,200,201,1444,20534000,1
300,1417521561,901988388,51,200,200,1488,20416000,0
300,1417521561,901988388,50,200,201,1444,20719000,0
300,1417521561,901988388,53,200,199,441,20758000,2
301,1417521561,901988388,52,200,199,1275,20297001,0
301,1417521561,902988375,4,200,198,1078,13346000,0
301,1417521561,914988220,1,200,199,1592,20158000,0
301,1417521561,921988130,2,200,201,1970,20191000,0
301,1417521561,921988130,5,200,199,1592,20284000,1
302,1417521561,921988130,3,200,198,1932,20141000,0
302,1417521561,921988130,51,200,200,1488,20331000,0
302,1417521561,921988130,54,200,201,1444,20523001,1
302,1417521561,921988130,50,200,200,1443,20309001,0
302,1417521561,922988117,53,200,202,482,20792000,1
303,1417521561,922988117,52,200,199,1275,20786000,2
303,1417521561,922988117,4,200,199,1078,20248000,1
303,1417521561,934987963,2,200,201,1970,20280001,0
303,1417521561,941987873,1,200,199,1592,20251001,0
303,1417521561,941987873,3,200,199,1932,20339000,2
304,1417521561,941987873,5,200,199,1592,20388000,2
304,1417521561,942987860,51,200,199,1475,20154001,0
304,1417521561,942987860,54,200,200,1443,20112001,0
304,1417521561,942987860,50,200,200,1443,20772001,8
304,1417521561,942987860,53,200,201,482,20336000,0
305,1417521561,942987860,52,200,199,1265,20245001,0
305,1417521561,942987860,4,200,199,1078,13241001,0
305,1417521561,955987692,1,200,199,1592,20239000,0
305,1417521561,961987615,3,200,199,1932,20347000,2
305,1417521561,962987602,2,200,201,1970,20250001,0
306,1417521561,962987602,5,200,199,1592,20370000,0
306,1417521561,962987602,51,200,199,1475,20012001,0
306,1417521561,962987602,53,200,201,482,20490000,3
306,1417521561,962987602,54,200,200,1443,19968001,0
306,1417521561,962987602,50,200,200,1443,20294001,0
307,1417521561,962987602,52,200,199,1265,20639000,2
307,1417521561,962987602,4,200,199,1078,13345000,0
307,1417521561,975987435,3,200,196,1900,20063001,0
307,1417521561,982987345,2,200,201,1983,20106001,0
307,1417521561,982987345,5,200,199,1592,19849001,0
308,1417521561,982987345,1,200,199,1592,20076000,0
308,1417521561,982987345,51,200,199,1475,20279001,0
308,1417521561,982987345,54,200,200,1443,20186001,0
308,1417521561,982987345,52,200,199,1265,20583001,1
308,1417521561,982987345,50,200,200,1443,20344001,3
309,1417521561,982987345,53,200,201,482,7540001,0
309,1417521561,983987332,4,200,199,1078,13416001,0
309,1417521561,995987177,2,200,201,1983,20270001,0
309,1417521562,2999962,5,200,199,1592,20388001,1
309,1417521562,2999962,3,200,197,1900,20370001,0
310,1417521562,2999962,1,200,199,1592,20719001,1
310,1417521562,2999962,51,200,199,1474,20290001,0
310,1417521562,2999962,52,200,199,1265,20120001,0
310,1417521562,3999949,54,200,200,1443,20200001,0
310,1417521562,3999949,50,200,201,1456,20710001,1
311,1417521562,3999949,53,200,201,482,7355001,0
311,1417521562,3999949,4,200,198,1064,13569001,0
311,1417521562,15999795,2,200,201,1983,20330001,0
311,1417521562,22999704,5,200,199,1592,20393001,1
311,1417521562,22999704,1,200,199,1592,20715001,1
312,1417521562,23999692,3,200,198,1900,20776001,1
312,1417521562,23999692,51,200,199,1474,20675001,1
312,1417521562,23999692,52,200,199,1256,20748001,3
312,1417521562,23999692,50,200,201,1456,20675001,2
312,1417521562,23999692,54,200,201,1456,20771001,3
313,1417521562,23999692,53,200,201,482,20565001,6
313,1417521562,23999692,4,200,199,1064,13539001,0
313,1417521562,36999524,2,200,201,1983,20286001,0
313,1417521562,43999434,5,200,192,1520,20314001,1
313,1417521562,43999434,1,200,199,1592,20107001,0
314,1417521562,43999434,3,200,196,1871,20029001,0
314,1417521562,43999434,54,200,201,1456,20261001,0
314,1417521562,43999434,52,200,199,1256,20262001,0
314,1417521562,43999434,50,200,201,1456,20133001,0
314,1417521562,43999434,53,200,201,482,20540001,1
315,1417521562,43999434,51,200,199,1474,20295001,0
315,1417521562,44999421,4,200,199,1064,13242001,0
315,1417521562,56999267,2,200,199,1955,19963001,0
315,1417521562,63999177,5,200,193,1520,20404001,1
315,1417521562,63999177,1,200,192,1520,20299001,1
316,1417521562,63999177,3,200,197,1871,20210001,0
316,1417521562,63999177,53,200,201,482,20158001,0
316,1417521562,63999177,50,200,202,1485,20675001,2
316,1417521562,64999164,52,200,199,1256,20171001,0
316,1417521562,64999164,54,200,201,1456,20326001,0
317,1417521562,64999164,51,200,199,1474,20337001,0
317,1417521562,64999164,4,200,199,1064,13286001,0
317,1417521562,76999009,5,200,194,1520,20285001,0
317,1417521562,83998919,2,200,199,1955,20350001,2
317,1417521562,83998919,1,200,193,1520,20269001,1
318,1417521562,83998919,3,200,198,1871,20267001,1
318,1417521562,84998906,52,200,198,1240,20234001,0
318,1417521562,84998906,53,200,201,482,20262001,0
318,1417521562,84998906,54,200,202,1485,20270001,0
318,1417521562,84998906,50,200,201,1485,20348001,0
319,1417521562,84998906,51,200,199,1483,20291001,0
319,1417521562,84998906,4,200,198,1052,13322001,0
319,1417521562,97998739,5,200,195,1520,20366001,1
319,1417521562,103998662,1,200,194,1520,20334001,2
319,1417521562,104998649,3,200,195,1839,20292001,2
320,1417521562,104998649,2,200,199,1955,19593001,0
320,1417521562,104998649,53,200,201,482,20333001,0
320,1417521562,104998649,52,200,199,1240,20308001,0
320,1417521562,104998649,50,200,201,1485,20261001,0
320,1417521562,104998649,54,200,201,1485,7627001,0
321,1417521562,104998649,51,200,199,1483,7562001,0
321,1417521562,104998649,4,200,199,1052,13115001,0
321,1417521562,117998481,3,200,196,1839,20199001,0
321,1417521562,124998391,5,200,196,1520,20150001,0
321,1417521562,124998391,1,200,195,1520,20123001,0
322,1417521562,124998391,2,200,199,1959,20460001,4
322,1417521562,124998391,52,200,199,1240,20066001,0
322,1417521562,124998391,53,200,201,482,20087001,0
322,1417521562,124998391,51,200,199,1483,20403001,4
322,1417521562,124998391,54,200,201,1485,20391001,3
323,1417521562,125998378,50,200,201,1493,7759001,0
323,1417521562,125998378,4,200,199,1052,13227001,0
323,1417521562,137998224,1,200,196,1520,20184001,0
323,1417521562,144998134,5,200,197,1520,20263001,0
323,1417521562,144998134,3,200,197,1839,20285001,0
324,1417521562,144998134,2,200,199,1959,19616001,0
324,1417521562,144998134,51,200,199,1483,20287001,1
324,1417521562,144998134,52,200,198,1226,20397001,0
324,1417521562,144998134,54,200,201,1493,20506001,2
324,1417521562,145998121,53,200,201,482,20287001,0
325,1417521562,145998121,50,200,201,1493,7877001,0
325,1417521562,145998121,4,200,199,1042,13135001,0
325,1417521562,157997966,3,200,198,1839,20380001,1
325,1417521562,164997876,5,200,198,1520,20318001,0
325,1417521562,164997876,2,200,199,1959,20343001,4
326,1417521562,164997876,1,200,197,1520,20404001,0
326,1417521562,165997863,52,200,199,1226,20214001,0
326,1417521562,165997863,51,200,199,1483,20190001,0
326,1417521562,165997863,54,200,201,1493,20119001,0
326,1417521562,165997863,53,200,201,482,20221001,0
327,1417521562,165997863,50,200,201,1493,20340001,1
327,1417521562,165997863,4,200,199,1042,13318001,0
327,1417521562,178997696,2,200,201,1981,20146001,0
327,1417521562,184997619,5,200,199,1520,20228001,0
327,1417521562,185997606,3,200,198,1833,20237001,0
328,1417521562,185997606,1,200,198,1520,20455001,1
328,1417521562,185997606,52,200,199,1226,20291001,0
328,1417521562,185997606,53,200,201,482,20263001,0
328,1417521562,185997606,51,200,199,1483,20166001,0
328,1417521562,185997606,54,200,201,1493,20183001,0
329,1417521562,185997606,50,200,201,1493,20385001,4
329,1417521562,185997606,4,200,199,1042,13374001,0
329,1417521562,198997438,2,200,201,1981,20159001,0
329,1417521562,205997348,5,200,199,1520,20318001,1
329,1417521562,205997348,3,200,199,1833,20258001,0
330,1417521562,205997348,1,200,199,1520,20393001,3
330,1417521562,205997348,54,200,201,1493,20160001,0
330,1417521562,205997348,51,200,200,1500,20277001,0
330,1417521562,205997348,53,200,201,482,20249001,0
330,1417521562,205997348,52,200,199,1226,20321001,0
331,1417521562,206997335,50,200,201,1497,20326001,0
331,1417521562,206997335,4,200,198,1027,13432001,0
331,1417521562,218997181,3,200,199,1833,20334001,1
331,1417521562,225997091,5,200,199,1520,20364001,0
331,1417521562,225997091,1,200,199,1520,19274001,0
332,1417521562,225997091,2,200,201,1981,20306001,0
332,1417521562,226997078,52,200,197,1201,20156001,0
332,1417521562,226997078,51,200,200,1500,20278001,0
332,1417521562,226997078,53,200,201,482,20243001,0
332,1417521562,226997078,54,200,201,1497,20261001,0
333,1417521562,226997078,50,200,201,1497,7621001,0
333,1417521562,226997078,4,200,199,1027,13702001,0
333,1417521562,239996911,3,200,199,1832,20205001,0
333,1417521562,245996833,5,200,199,1520,20263001,0
333,1417521562,246996820,1,200,199,1520,19356001,0
334,1417521562,246996820,2,200,201,1981,19403001,0
334,1417521562,246996820,54,200,201,1497,20242001,0
334,1417521562,246996820,53,200,201,482,20287001,0
334,1417521562,246996820,51,200,200,1500,20280001,0
334,1417521562,246996820,52,200,198,1201,20227001,0
335,1417521562,246996820,50,200,201,1497,20504001,5
335,1417521562,246996820,4,200,199,1027,13877001,0
335,1417521562,259996653,3,200,199,1832,20015001,0
335,1417521562,266996563,5,200,199,1520,20345001,1
335,1417521562,266996563,1,200,199,1520,20310001,1
336,1417521562,266996563,2,200,201,1986,20378001,1
336,1417521562,266996563,53,200,201,482,20177001,0
336,1417521562,266996563,51,200,200,1500,20281001,0
336,1417521562,266996563,54,200,201,1497,20197001,0
336,1417521562,266996563,52,200,199,1201,20086001,0
337,1417521562,266996563,50,200,201,1512,20388001,0
337,1417521562,266996563,4,200,199,1027,20428001,1
337,1417521562,279996396,5,200,199,1520,20112001,0
337,1417521562,286996306,1,200,199,1520,20345001,2
337,1417521562,286996306,3,200,199,1832,20047001,0
338,1417521562,286996306,2,200,201,1986,19291001,0
338,1417521562,286996306,52,200,197,1177,19923001,0
338,1417521562,286996306,54,200,201,1512,20136001,0
338,1417521562,287996293,53,200,201,482,20120001,0
338,1417521562,287996293,51,200,200,1508,20214001,0
339,1417521562,287996293,50,200,201,1512,7420001,0
339,1417521562,287996293,4,200,197,1006,14062001,0
339,1417521562,300996125,1,200,199,1520,20478001,1
339,1417521562,306996048,5,200,199,1520,20506001,3
339,1417521562,306996048,3,200,199,1823,20499001,0
340,1417521562,306996048,2,200,201,1986,20569001,3
340,1417521562,306996048,54,200,201,1512,20260001,0
340,1417521562,307996035,51,200,200,1508,20270001,0
340,1417521562,307996035,53,200,201,482,20335001,0
340,1417521562,307996035,52,200,198,1177,20244001,0
341,1417521562,307996035,50,200,201,1512,20244001,1
341,1417521562,307996035,4,200,198,1006,13922001,0
341,1417521562,320995868,5,200,199,1520,20134001,0
341,1417521562,326995791,1,200,199,1520,20191001,0
341,1417521562,327995778,2,200,203,2019,20285001,1
342,1417521562,327995778,3,200,199,1823,20273001,0
342,1417521562,327995778,54,200,201,1512,20208001,0
342,1417521562,327995778,53,200,204,528,20200002,0
342,1417521562,327995778,52,200,199,1177,20261001,0
342,1417521562,327995778,51,200,200,1508,20226001,0
343,1417521562,327995778,50,200,200,1507,20347002,0
343,1417521562,327995778,4,200,199,1006,13799001,0
343,1417521562,340995610,5,200,199,1520,20241001,0
343,1417521562,347995520,1,200,199,1520,20276001,0
343,1417521562,347995520,2,200,202,2019,20196001,0
344,1417521562,347995520,3,200,199,1823,19399001,0
344,1417521562,347995520,51,200,199,1489,20251002,0
344,1417521562,347995520,54,200,200,1507,20287002,0
344,1417521562,347995520,53,200,203,528,20274001,0
344,1417521562,347995520,52,200,199,1173,20196001,0
345,1417521562,347995520,50,200,200,1507,7475002,0
345,1417521562,348995507,4,200,198,988,13661002,0
345,1417521562,361995340,5,200,199,1520,20179002,0
345,1417521562,367995263,1,200,199,1520,20052002,0
345,1417521562,367995263,2,200,201,2019,20011002,0
346,1417521562,367995263,3,200,199,1823,20376001,1
346,1417521562,367995263,52,200,199,1173,20243001,0
346,1417521562,368995250,53,200,202,528,20086002,0
346,1417521562,368995250,51,200,199,1489,20120002,0
346,1417521562,368995250,54,200,200,1507,20220002,0
347,1417521562,368995250,50,200,200,1507,20557002,5
347,1417521562,368995250,4,200,199,988,13728002,0
347,1417521562,381995082,2,200,199,2003,20265002,0
347,1417521562,387995005,1,200,199,1520,20204001,0
347,1417521562,387995005,5,200,199,1520,20281002,0
348,1417521562,388994992,3,200,197,1797,19334001,0
348,1417521562,388994992,52,200,199,1173,20138002,0
348,1417521562,388994992,54,200,200,1507,20271002,0
348,1417521562,388994992,51,200,199,1489,20272002,0
348,1417521562,388994992,53,200,201,528,20382002,0
349,1417521562,388994992,50,200,200,1507,20329001,0
349,1417521562,388994992,4,200,199,988,13766002,0
349,1417521562,401994825,1,200,199,1520,20099001,0
349,1417521562,408994735,3,200,198,1797,20461002,4
349,1417521562,408994735,2,200,199,2003,19286002,0
350,1417521562,408994735,5,200,199,1520,20445002,0
350,1417521562,408994735,52,200,199,1173,19960002,0
350,1417521562,408994735,51,200,199,1488,20250002,0
350,1417521562,408994735,53,200,201,528,20608002,1
350,1417521562,408994735,50,200,199,1505,20300002,0
351,1417521562,409994722,54,200,200,1507,20459002,0
351,1417521562,409994722,4,200,199,980,13800002,0
351,1417521562,421994567,2,200,199,2003,20432002,4
351,1417521562,429994464,1,200,199,1520,20460002,1
351,1417521562,429994464,3,200,199,1797,20159002,0
352,1417521562,429994464,5,200,199,1520,20413002,1
352,1417521562,429994464,51,200,199,1488,20449002,0
352,1417521562,429994464,52,200,199,1168,20394002,0
352,1417521562,430994452,53,200,201,528,20612002,1
352,1417521562,430994452,50,200,199,1505,20675002,2
353,1417521562,430994452,54,200,199,1505,21019002,1
353,1417521562,430994452,4,200,199,980,20416002,1
353,1417521562,443994284,2,200,199,2003,20332002,0
353,1417521562,449994207,3,200,197,1767,20270002,0
353,1417521562,449994207,1,200,199,1520,20325002,0
354,1417521562,450994194,5,200,199,1520,20436002,0
354,1417521562,450994194,51,200,199,1488,20056002,0
354,1417521562,450994194,52,200,199,1168,20346002,0
354,1417521562,450994194,53,200,201,528,20278002,0
354,1417521562,450994194,50,200,199,1505,20148002,0
355,1417521562,450994194,54,200,199,1505,20606002,0
355,1417521562,451994181,4,200,199,980,13758002,0
355,1417521562,463994027,3,200,198,1767,20032002,0
355,1417521562,470993937,1,200,199,1520,20033002,0
355,1417521562,470993937,2,200,200,2015,20222002,0
356,1417521562,470993937,5,200,199,1520,19270002,0
356,1417521562,470993937,52,200,199,1168,20323002,0
356,1417521562,470993937,51,200,199,1488,20025002,0
356,1417521562,470993937,53,200,201,528,21027002,1
356,1417521562,471993924,50,200,200,1520,20338002,0
357,1417521562,472993911,54,200,199,1505,20522002,0
357,1417521562,472993911,4,200,199,980,13869002,0
357,1417521562,483993769,3,200,199,1767,20102002,0
357,1417521562,490993679,2,200,200,2015,20168002,0
357,1417521562,490993679,1,200,199,1520,20418002,2
358,1417521562,490993679,5,200,199,1520,19029002,0
358,1417521562,490993679,51,200,199,1485,19844002,0
358,1417521562,490993679,52,200,198,1156,20659002,1
358,1417521562,490993679,50,200,200,1520,20607002,1
358,1417521562,492993653,53,200,201,528,21087002,1
359,1417521562,492993653,54,200,200,1520,20446002,0
359,1417521562,492993653,4,200,199,971,13904002,0
359,1417521562,504993499,2,200,200,2015,20356002,1
359,1417521562,510993422,1,200,199,1520,20337002,1
359,1417521562,510993422,5,200,199,1520,18865002,0
360,1417521562,510993422,3,200,197,1743,20430002,0
360,1417521562,511993409,52,200,199,1156,20525002,0
360,1417521562,512993396,53,200,201,528,20411002,0
360,1417521562,512993396,50,200,200,1520,20844002,3
360,1417521562,512993396,51,200,199,1485,20317002,0
361,1417521562,512993396,54,200,200,1520,8771002,0
361,1417521562,513993383,4,200,199,971,13944002,0
361,1417521562,524993241,3,200,198,1743,20534002,1
361,1417521562,531993151,5,200,199,1520,18504002,0
361,1417521562,531993151,1,200,199,1520,20454002,0
362,1417521562,531993151,2,200,199,2012,20643002,1
362,1417521562,531993151,53,200,201,528,20437002,0
362,1417521562,533993126,50,200,201,1533,20236002,0
362,1417521562,533993126,52,200,199,1156,20475002,0
362,1417521562,533993126,54,200,200,1520,21457002,3
363,1417521562,533993126,51,200,199,1485,21399002,0
363,1417521562,533993126,4,200,199,971,13970002,0
363,1417521562,544992984,3,200,199,1743,20247002,0
363,1417521562,551992894,2,200,199,2012,20514002,1
363,1417521562,551992894,5,200,199,1520,20531002,4
364,1417521562,551992894,1,200,199,1520,20519002,1
364,1417521562,551992894,53,200,201,528,21112002,1
364,1417521562,553992868,50,200,201,1533,21064002,1
364,1417521562,554992855,52,200,199,1155,21085002,0
364,1417521562,554992855,54,200,201,1533,20463002,0
365,1417521562,554992855,51,200,199,1491,20406002,0
365,1417521562,554992855,4,200,199,963,13650002,0
365,1417521562,565992714,3,200,199,1743,20166002,0
365,1417521562,571992636,2,200,199,2012,20101002,0
365,1417521562,571992636,5,200,199,1520,20207002,0
366,1417521562,571992636,1,200,199,1520,20227002,0
366,1417521562,571992636,53,200,201,528,20436000,0
366,1417521562,574992598,50,200,201,1533,20140000,0
366,1417521562,574992598,52,200,199,1155,20403000,0
366,1417521562,574992598,54,200,201,1533,20290000,0
367,1417521562,574992598,51,200,199,1491,20487000,4
367,1417521562,574992598,4,200,199,963,13819002,0
367,1417521562,585992456,3,200,198,1727,20211002,0
367,1417521562,591992379,2,200,196,1979,20179002,0
367,1417521562,592992366,5,200,199,1520,20233002,0
368,1417521562,592992366,1,200,199,1520,20290002,0
368,1417521562,592992366,52,200,199,1155,20191000,0
368,1417521562,594992340,50,200,201,1533,20236000,0
368,1417521562,594992340,53,200,201,528,20383000,0
368,1417521562,594992340,54,200,201,1533,20671000,1
369,1417521562,595992327,51,200,199,1491,20268000,0
369,1417521562,595992327,4,200,199,963,13794000,0
369,1417521562,605992199,2,200,197,1979,20174000,0
369,1417521562,612992108,3,200,199,1727,20227000,0
369,1417521562,612992108,5,200,199,1520,20187000,0
370,1417521562,612992108,1,200,199,1520,20353000,0
370,1417521562,612992108,53,200,201,528,20249000,0
370,1417521562,615992070,50,200,202,1560,20094000,0
370,1417521562,615992070,52,200,199,1155,20341000,0
370,1417521562,615992070,51,200,201,1513,20374000,0
371,1417521562,615992070,54,200,201,1533,20775000,1
371,1417521562,615992070,4,200,199,958,20387000,1
371,1417521562,626991928,3,200,199,1727,20278000,0
371,1417521562,632991851,2,200,198,1979,20191000,0
371,1417521562,633991838,5,200,199,1520,20396000,0
372,1417521562,633991838,1,200,199,1520,20400000,1
372,1417521562,633991838,50,200,201,1560,20075000,0
372,1417521562,635991812,53,200,201,528,20351000,0
372,1417521562,635991812,52,200,199,1155,20306000,0
372,1417521562,635991812,51,200,201,1513,20687000,1
373,1417521562,635991812,54,200,202,1560,20584000,1
373,1417521562,635991812,4,200,199,958,13683000,0
373,1417521562,646991671,3,200,199,1721,20380000,0
373,1417521562,652991593,2,200,199,1979,20244000,0
373,1417521562,653991581,5,200,199,1520,20320000,0
374,1417521562,653991581,1,200,199,1520,20348000,0
374,1417521562,653991581,53,200,201,528,20255000,0
374,1417521562,655991555,50,200,201,1560,20171000,0
374,1417521562,655991555,52,200,199,1155,20316000,0
374,1417521562,655991555,51,200,201,1513,20298000,0
375,1417521562,656991542,54,200,201,1560,9513000,0
375,1417521562,656991542,4,200,199,958,13759000,0
375,1417521562,666991413,2,200,198,1965,20188000,0
375,1417521562,673991323,3,200,199,1721,20309000,0
375,1417521562,673991323,5,200,199,1520,20169000,0
376,1417521562,673991323,1,200,199,1520,20395000,1
376,1417521562,673991323,53,200,201,528,20393000,0
376,1417521562,676991284,50,200,201,1575,20201000,0
376,1417521562,676991284,52,200,199,1155,20322000,0
376,1417521562,676991284,54,200,201,1560,20406000,1
377,1417521562,676991284,51,200,201,1513,20595000,1
377,1417521562,676991284,4,200,199,958,13824000,0
377,1417521562,687991143,3,200,199,1721,20098000,0
377,1417521562,693991066,2,200,199,1965,20274000,0
377,1417521562,693991066,5,200,199,1520,20228000,0
378,1417521562,693991066,1,200,199,1520,20328000,0
378,1417521562,693991066,53,200,201,528,20183000,0
378,1417521562,696991027,50,200,201,1575,20368000,0
378,1417521562,696991027,52,200,199,1163,20152000,0
378,1417521562,696991027,51,200,199,1500,9698000,0
379,1417521562,696991027,54,200,201,1575,9745000,0
379,1417521562,696991027,4,200,198,944,13826000,0
379,1417521562,707990885,2,200,199,1965,20249000,0
379,1417521562,713990808,5,200,194,1463,20091000,0
379,1417521562,713990808,1,200,199,1520,20473000,2
380,1417521562,714990795,3,200,201,1743,20457000,0
380,1417521562,714990795,52,200,199,1163,20375000,0
380,1417521562,717990757,50,200,201,1575,20251000,0
380,1417521562,717990757,53,200,201,528,20443000,0
380,1417521562,717990757,54,200,201,1575,20566000,1
381,1417521562,717990757,51,200,199,1500,20734000,5
381,1417521562,717990757,4,200,199,944,13865000,0
381,1417521562,727990628,2,200,197,1940,20363000,0
381,1417521562,734990538,5,200,195,1463,20449000,0
381,1417521562,734990538,3,200,201,1743,20272000,0
382,1417521562,734990538,1,200,194,1463,17635000,0
382,1417521562,734990538,52,200,199,1163,20460000,0
382,1417521562,737990499,53,200,201,528,20453000,0
382,1417521562,737990499,50,200,200,1574,20462000,0
382,1417521562,737990499,54,200,201,1575,20200000,0
383,1417521562,737990499,51,200,199,1500,20358000,0
383,1417521562,737990499,4,200,199,944,14008000,0
383,1417521562,748990357,2,200,198,1940,20285000,0
383,1417521562,754990280,5,200,196,1463,20540000,3
383,1417521562,754990280,3,200,201,1743,20327000,0
384,1417521562,754990280,1,200,195,1463,20323000,2
384,1417521562,754990280,50,200,200,1574,20373000,0
384,1417521562,757990242,53,200,201,528,20271000,0
384,1417521562,758990229,52,200,199,1158,20489000,0
384,1417521562,758990229,54,200,200,1574,20353000,0
385,1417521562,758990229,51,200,199,1499,20325000,0
385,1417521562,758990229,4,200,198,926,13852000,0
385,1417521562,768990100,2,200,199,1940,20084000,0
385,1417521562,774990023,5,200,197,1463,20094000,0
385,1417521562,774990023,3,200,201,1743,20116000,0
386,1417521562,774990023,1,200,196,1463,17125000,0
386,1417521562,775990010,53,200,201,528,20325000,0
386,1417521562,778989971,50,200,200,1574,20400000,0
386,1417521562,778989971,52,200,199,1158,20762000,2
386,1417521562,778989971,51,200,199,1499,9955000,0
387,1417521562,778989971,54,200,200,1574,20504000,2
387,1417521562,778989971,4,200,199,926,14029000,0
387,1417521562,788989843,2,200,199,1936,20232000,0
387,1417521562,795989752,5,200,198,1463,20266000,1
387,1417521562,795989752,3,200,201,1748,20187000,0
388,1417521562,795989752,1,200,197,1463,17109000,0
388,1417521562,795989752,53,200,201,528,20545000,2
388,1417521562,798989714,50,200,200,1574,20357000,0
388,1417521562,798989714,52,200,199,1158,20597000,1
388,1417521562,798989714,51,200,199,1499,20626000,1
389,1417521562,798989714,54,200,200,1574,20705000,0
389,1417521562,799989701,4,200,199,926,20367000,1
389,1417521562,809989572,5,200,199,1463,20326000,1
389,1417521562,815989495,2,200,199,1936,20361000,1
389,1417521562,815989495,3,200,201,1748,20267000,1
390,1417521562,815989495,1,200,198,1463,20256000,1
390,1417521562,815989495,50,200,200,1581,20280000,0
390,1417521562,819989443,53,200,201,528,20107000,0
390,1417521562,819989443,52,200,199,1158,20294000,0
390,1417521562,819989443,54,200,200,1574,20285000,1
391,1417521562,819989443,51,200,199,1503,20402000,1
391,1417521562,819989443,4,200,198,912,14125000,0
391,1417521562,829989315,2,200,199,1936,20245000,0
391,1417521562,835989237,5,200,199,1463,20246000,0
391,1417521562,835989237,3,200,201,1748,20207000,0
392,1417521562,835989237,1,200,199,1463,20229000,0
