Simulation time,DDS time seconds,DDS time nanoseconds,Turbine Id,Setpoint,Current production,Max production,MS since last write,Cache count
0,1417521458,995987177,50,400,401,1524,20543001,2
0,1417521459,42999447,52,400,401,1624,20734001,1
0,1417521459,42999447,1,400,405,1005,16766001,0
1,1417521459,42999447,51,400,401,2167,11401001,0
1,1417521459,42999447,2,400,399,2245,13218001,0
1,1417521459,49999357,50,400,401,1524,20439001,0
1,1417521459,56999267,52,400,401,1624,20748001,1
1,1417521459,56999267,1,400,404,1005,16766001,0
2,1417521459,56999267,51,400,401,2167,11481001,0
2,1417521459,61999202,2,400,398,2234,13275001,0
2,1417521459,69999099,52,400,400,1621,20540001,0
2,1417521459,77998996,50,400,399,1501,19752001,0
2,1417521459,77998996,1,400,403,1005,16759001,0
3,1417521459,77998996,51,400,401,2167,11324001,0
3,1417521459,81998945,2,400,399,2234,13336001,0
3,1417521459,90998829,52,400,400,1621,20937001,1
3,1417521459,97998739,50,400,399,1501,19955001,0
3,1417521459,97998739,1,400,407,1057,16658001,0
4,1417521459,98998726,51,400,400,2163,11161001,0
4,1417521459,101998687,2,400,399,2234,13411001,0
4,1417521459,111998559,52,400,400,1621,20763001,0
4,1417521459,118998468,50,400,399,1501,20154001,0
4,1417521459,118998468,1,400,406,1057,16767001,0
5,1417521459,118998468,51,400,400,2163,11002001,0
5,1417521459,122998417,2,400,399,2234,13184001,0
5,1417521459,131998301,52,400,400,1626,21082001,1
5,1417521459,139998198,50,400,399,1501,20813001,2
5,1417521459,139998198,1,400,405,1057,20850001,2
6,1417521459,139998198,51,400,400,2163,10991001,0
6,1417521459,142998159,2,400,398,2223,13003001,0
6,1417521459,152998031,50,400,398,1481,20682001,0
6,1417521459,159997941,1,400,404,1057,20585001,0
6,1417521459,159997941,52,400,400,1626,21024001,1
7,1417521459,160997928,51,400,398,2139,11062001,0
7,1417521459,163997889,2,400,399,2223,12848001,0
7,1417521459,172997773,1,400,403,1057,20614001,0
7,1417521459,180997670,50,400,399,1481,17564001,0
7,1417521459,180997670,52,400,400,1626,20801001,0
8,1417521459,180997670,51,400,399,2139,11169001,0
8,1417521459,183997632,2,400,399,2223,12809001,0
8,1417521459,192997516,1,400,402,1057,20618001,0
8,1417521459,200997413,52,400,400,1626,21115001,2
8,1417521459,200997413,50,400,399,1481,17986001,0
9,1417521459,201997400,51,400,399,2139,11242001,0
9,1417521459,204997361,2,400,400,2237,12707001,0
9,1417521459,213997245,1,400,401,1057,20026001,0
9,1417521459,221997142,52,400,400,1630,20790001,0
9,1417521459,221997142,50,400,398,1462,20901001,1
10,1417521459,221997142,51,400,401,2163,11457001,0
10,1417521459,225997091,2,400,400,2237,12625001,0
10,1417521459,233996988,1,400,404,1106,19794001,0
10,1417521459,242996872,50,400,399,1462,17933001,0
10,1417521459,242996872,52,400,400,1630,20850001,1
11,1417521459,242996872,51,400,401,2163,11554001,0
11,1417521459,245996833,2,400,400,2237,12585001,0
11,1417521459,254996717,1,400,403,1106,19723001,0
11,1417521459,262996615,50,400,399,1462,20747001,2
11,1417521459,262996615,52,400,400,1630,20549001,0
12,1417521459,262996615,51,400,401,2163,11617001,0
12,1417521459,265996576,2,400,403,2285,12561001,0
12,1417521459,274996460,1,400,402,1106,19678001,0
12,1417521459,282996357,50,400,399,1458,20399001,0
12,1417521459,283996344,52,400,400,1633,20378001,0
13,1417521459,283996344,51,400,401,2163,11635001,0
13,1417521459,286996306,2,400,402,2285,12501001,0
13,1417521459,295996190,1,400,401,1106,19723001,0
13,1417521459,303996087,52,400,400,1633,20592001,1
13,1417521459,303996087,50,400,399,1458,17681001,0
14,1417521459,303996087,51,400,401,2178,11711001,0
14,1417521459,307996035,2,400,401,2285,12466001,0
14,1417521459,315995932,1,400,401,1106,19828001,0
14,1417521459,323995829,50,400,399,1458,20640002,2
14,1417521459,324995816,52,400,400,1633,17595001,0
15,1417521459,324995816,51,400,401,2178,11826001,0
15,1417521459,327995778,2,400,401,2285,12402002,0
15,1417521459,336995662,1,400,401,1106,19841002,0
15,1417521459,345995546,50,400,399,1458,20667002,0
15,1417521459,345995546,52,400,401,1649,17684001,0
16,1417521459,345995546,51,400,401,2178,12028002,0
16,1417521459,348995507,2,400,401,2302,12354002,0
16,1417521459,357995391,1,400,401,1106,19749001,0
16,1417521459,366995276,52,400,401,1649,17658002,0
16,1417521459,366995276,50,400,401,1478,20493002,0
17,1417521459,366995276,51,400,401,2182,12155001,0
17,1417521459,369995237,2,400,401,2302,12285002,0
17,1417521459,378995121,1,400,401,1106,19719001,0
17,1417521459,386995018,52,400,401,1649,20764002,2
17,1417521459,386995018,50,400,401,1478,20528002,0
18,1417521459,386995018,51,400,401,2182,12190002,0
18,1417521459,390994967,2,400,401,2302,12239002,0
18,1417521459,398994864,1,400,401,1106,19694002,0
18,1417521459,407994748,52,400,401,1649,20385002,0
18,1417521459,407994748,50,400,401,1478,20693002,1
19,1417521459,407994748,51,400,401,2182,12166002,0
19,1417521459,410994709,2,400,401,2309,12225002,0
19,1417521459,419994593,1,400,401,1106,19825002,0
19,1417521459,427994490,52,400,401,1651,17437002,0
19,1417521459,427994490,50,400,402,1502,20458002,0
20,1417521459,427994490,51,400,403,2217,12156002,0
20,1417521459,431994439,2,400,401,2309,12190002,0
20,1417521459,439994336,1,400,401,1106,19764002,0
20,1417521459,448994220,50,400,401,1502,17323002,0
20,1417521459,448994220,52,400,401,1651,20644002,2
21,1417521459,448994220,51,400,402,2217,12112002,0
21,1417521459,451994181,2,400,401,2309,12143002,0
21,1417521459,460994065,1,400,401,1106,19835002,0
21,1417521459,468993962,52,400,401,1651,20510002,0
21,1417521459,468993962,50,400,401,1502,17264002,0
22,1417521459,468993962,51,400,401,2217,12165002,0
22,1417521459,472993911,2,400,398,2269,12107002,0
22,1417521459,480993808,1,400,401,1106,19806002,0
22,1417521459,488993705,52,400,400,1649,17670002,0
22,1417521459,489993692,50,400,400,1493,17721002,0
23,1417521459,489993692,51,400,401,2217,12008002,0
23,1417521459,492993653,2,400,399,2269,12138002,0
23,1417521459,500993550,1,400,409,1211,19711002,0
23,1417521459,509993434,52,400,400,1649,20834002,2
23,1417521459,509993434,50,400,400,1493,17895002,0
24,1417521459,509993434,51,400,400,2208,12233002,0
24,1417521459,513993383,2,400,399,2269,12155002,0
24,1417521459,521993280,1,400,408,1211,19405002,0
24,1417521459,529993177,50,400,400,1493,20744002,2
24,1417521459,530993164,52,400,400,1649,20721002,0
25,1417521459,530993164,51,400,400,2208,20774002,1
25,1417521459,534993113,2,400,399,2269,12193002,0
25,1417521459,541993023,1,400,407,1211,19297002,0
25,1417521459,550992907,50,400,400,1493,20608002,0
25,1417521459,550992907,52,400,400,1653,17956002,0
26,1417521459,550992907,51,400,400,2208,12414002,0
26,1417521459,554992855,2,400,397,2242,12222002,0
26,1417521459,562992752,1,400,406,1211,19251002,0
26,1417521459,570992649,50,400,399,1477,17928000,0
26,1417521459,571992636,52,400,400,1653,20695000,1
27,1417521459,571992636,51,400,397,2176,12431000,0
27,1417521459,575992585,2,400,398,2242,12261002,0
27,1417521459,583992482,1,400,405,1211,19258002,0
27,1417521459,591992379,52,400,400,1653,20705000,0
27,1417521459,591992379,50,400,399,1477,18062000,0
28,1417521459,591992379,51,400,398,2176,12546000,0
28,1417521459,595992327,2,400,399,2242,12335000,0
28,1417521459,603992224,1,400,404,1211,19164000,0
28,1417521459,611992121,52,400,400,1653,20878000,1
28,1417521459,612992108,50,400,399,1477,18175000,0
29,1417521459,613992096,51,400,399,2176,12584000,0
29,1417521459,616992057,2,400,399,2233,12186000,0
29,1417521459,623991967,1,400,403,1211,18976000,0
29,1417521459,632991851,52,400,399,1640,20415000,0
29,1417521459,632991851,50,400,397,1450,18250000,0
30,1417521459,634991825,51,400,394,2124,12685000,0
30,1417521459,636991799,2,400,399,2233,12158000,0
30,1417521459,644991696,1,400,409,1299,18914000,0
30,1417521459,652991593,52,400,399,1640,20343000,0
30,1417521459,653991581,50,400,398,1450,18204000,0
31,1417521459,654991568,51,400,395,2124,12938000,0
31,1417521459,657991529,2,400,399,2233,12107000,0
31,1417521459,665991426,1,400,408,1299,18871000,0
31,1417521459,673991323,52,400,399,1640,20279000,0
31,1417521459,673991323,50,400,399,1450,18112000,0
32,1417521459,675991297,51,400,396,2124,13050000,0
32,1417521459,678991259,2,400,400,2246,12048000,0
32,1417521459,685991169,1,400,407,1299,18830000,0
32,1417521459,693991066,52,400,399,1637,20248000,0
32,1417521459,694991053,50,400,397,1424,18059000,0
33,1417521459,696991027,51,400,397,2124,13248000,0
33,1417521459,698991001,2,400,400,2246,12040000,0
33,1417521459,705990911,1,400,406,1299,18801000,0
33,1417521459,714990795,52,400,399,1637,20232000,0
33,1417521459,714990795,50,400,398,1424,18011000,0
34,1417521459,716990769,51,400,393,2082,13360000,0
34,1417521459,719990731,2,400,400,2246,12035000,0
34,1417521459,726990641,1,400,405,1299,18763000,0
34,1417521459,734990538,52,400,399,1637,20203000,0
34,1417521459,734990538,50,400,399,1424,17974000,0
35,1417521459,737990499,51,400,394,2082,13534000,0
35,1417521459,740990460,2,400,400,2246,12031000,0
35,1417521459,746990383,1,400,404,1299,18660000,0
35,1417521459,755990267,52,400,399,1638,20136000,0
35,1417521459,755990267,50,400,399,1424,17941000,0
36,1417521459,757990242,51,400,395,2082,13683000,0
36,1417521459,760990203,2,400,403,2288,12153000,0
36,1417521459,767990113,1,400,403,1299,18694000,0
36,1417521459,776989997,52,400,399,1638,20098000,0
36,1417521459,776989997,50,400,398,1408,17873000,0
37,1417521459,778989971,51,400,395,2072,13828000,0
37,1417521459,781989933,2,400,402,2288,12186000,0
37,1417521459,788989843,1,400,402,1299,18727000,0
37,1417521459,796989740,52,400,399,1638,20054000,0
37,1417521459,796989740,50,400,399,1408,17845000,0
38,1417521459,799989701,51,400,396,2072,13887000,0
38,1417521459,801989675,2,400,401,2288,12156000,0
38,1417521459,808989585,1,400,401,1299,18762000,0
38,1417521459,817989469,52,400,399,1638,20035000,0
38,1417521459,817989469,50,400,399,1408,17735000,0
39,1417521459,819989443,51,400,397,2072,13833000,0
39,1417521459,822989405,2,400,404,2335,12165000,0
39,1417521459,829989315,1,400,401,1299,18754000,0
39,1417521459,837989212,52,400,399,1644,19966000,0
39,1417521459,837989212,50,400,399,1415,17791000,0
40,1417521459,840989173,51,400,398,2078,13826000,0
40,1417521459,843989134,2,400,403,2335,12185000,0
40,1417521459,849989057,1,400,401,1299,18932000,0
40,1417521459,858988941,52,400,399,1644,19871000,0
40,1417521459,858988941,50,400,399,1415,17923000,0
41,1417521459,860988916,51,400,399,2078,13768000,0
41,1417521459,863988877,2,400,402,2335,12195000,0
41,1417521459,870988787,1,400,401,1299,19075000,0
41,1417521459,878988684,52,400,399,1644,19714000,0
41,1417521459,879988671,50,400,399,1415,18089000,0
42,1417521459,881988645,51,400,399,2078,13690000,0
42,1417521459,884988607,2,400,401,2339,12233000,0
42,1417521459,890988529,1,400,401,1299,19229000,0
42,1417521459,899988413,52,400,399,1652,19525000,0
42,1417521459,899988413,50,400,399,1420,18163000,0
43,1417521459,902988375,51,400,399,2078,13588001,0
43,1417521459,904988349,2,400,401,2339,12098000,0
43,1417521459,911988259,1,400,401,1299,19243000,0
43,1417521459,920988143,52,400,399,1652,19391000,0
43,1417521459,920988143,50,400,399,1420,18275000,0
44,1417521459,922988117,51,400,398,2058,13625000,0
44,1417521459,925988079,2,400,401,2339,11933000,0
44,1417521459,931988001,1,400,401,1299,19306001,0
44,1417521459,940987886,52,400,399,1652,19246001,0
44,1417521459,940987886,50,400,399,1420,18401000,0
45,1417521459,943987847,51,400,399,2058,13724001,0
45,1417521459,945987821,2,400,401,2339,12068000,0
45,1417521459,952987731,1,400,401,1299,19388001,0
45,1417521459,961987615,52,400,399,1650,19141001,0
45,1417521459,961987615,50,400,399,1420,18349001,0
46,1417521459,964987577,51,400,399,2058,13841001,0
46,1417521459,966987551,2,400,401,2347,12156001,0
46,1417521459,973987461,1,400,401,1299,19397001,0
46,1417521459,981987358,52,400,399,1650,18983001,0
46,1417521459,981987358,50,400,399,1419,18349001,0
47,1417521459,984987319,51,400,396,2023,13868001,0
47,1417521459,987987280,2,400,401,2347,12216001,0
47,1417521459,993987203,1,400,401,1299,19382001,0
47,1417521460,2999962,52,400,399,1650,18841001,0
47,1417521460,2999962,50,400,399,1419,18487001,0
48,1417521460,5999923,51,400,397,2023,13771001,0
48,1417521460,7999898,2,400,401,2347,12284001,0
48,1417521460,14999807,1,400,401,1299,19605001,0
48,1417521460,23999692,52,400,399,1650,18626001,0
48,1417521460,23999692,50,400,399,1419,18470001,0
49,1417521460,26999653,51,400,398,2023,13835001,0
49,1417521460,28999627,2,400,399,2334,12329001,0
49,1417521460,35999537,1,400,401,1299,19640001,0
49,1417521460,43999434,52,400,399,1647,18430001,0
49,1417521460,43999434,50,400,398,1406,18495001,0
50,1417521460,46999395,51,400,392,1954,13852001,0
50,1417521460,49999357,2,400,399,2334,12329001,0
50,1417521460,55999280,1,400,401,1299,19751001,0
50,1417521460,64999164,52,400,399,1647,18333001,0
50,1417521460,64999164,50,400,399,1406,18529001,0
51,1417521460,67999125,51,400,393,1954,13809001,0
51,1417521460,69999099,2,400,399,2334,12289001,0
51,1417521460,76999009,1,400,401,1299,19778001,0
51,1417521460,84998906,52,400,399,1647,18284001,0
51,1417521460,84998906,50,400,399,1406,18584001,0
52,1417521460,88998855,51,400,394,1954,13894001,0
52,1417521460,90998829,2,400,399,2324,12281001,0
52,1417521460,96998752,1,400,401,1299,19744001,0
52,1417521460,105998636,52,400,399,1638,18149001,0
52,1417521460,105998636,50,400,395,1365,18519001,0
53,1417521460,108998597,51,400,395,1954,13904001,0
53,1417521460,110998571,2,400,399,2324,12248001,0
53,1417521460,117998481,1,400,401,1299,19807001,0
53,1417521460,125998378,52,400,399,1638,18141001,0
53,1417521460,126998365,50,400,396,1365,18529001,0
54,1417521460,129998327,51,400,390,1902,14034001,0
54,1417521460,131998301,2,400,399,2324,12228001,0
54,1417521460,138998211,1,400,401,1299,19946001,0
54,1417521460,146998108,52,400,399,1638,18206001,0
54,1417521460,146998108,50,400,397,1365,18420001,0
55,1417521460,149998069,51,400,391,1902,13985001,0
55,1417521460,152998031,2,400,399,2324,12197001,0
55,1417521460,158997953,1,400,401,1299,19867001,0
55,1417521460,167997838,52,400,399,1633,18110001,0
55,1417521460,167997838,50,400,398,1365,18450001,0
56,1417521460,170997799,51,400,392,1902,14014001,0
56,1417521460,172997773,2,400,400,2338,12163001,0
56,1417521460,179997683,1,400,411,1424,19748001,0
56,1417521460,187997580,52,400,399,1633,18025001,0
56,1417521460,187997580,50,400,395,1332,18496001,0
57,1417521460,191997529,51,400,389,1867,14153001,0
57,1417521460,193997503,2,400,400,2338,12183001,0
57,1417521460,199997426,1,400,409,1424,19707001,0
57,1417521460,208997310,52,400,399,1633,18004001,0
57,1417521460,208997310,50,400,396,1332,18654001,0
58,1417521460,211997271,51,400,390,1867,14221001,0
58,1417521460,214997232,2,400,400,2338,12185001,0
58,1417521460,220997155,1,400,408,1424,19695001,0
58,1417521460,228997052,52,400,399,1633,17841001,0
58,1417521460,229997039,50,400,397,1332,18652001,0
59,1417521460,232997001,51,400,391,1867,14295001,0
59,1417521460,234996975,2,400,400,2339,12191001,0
59,1417521460,240996898,1,400,407,1424,19635001,0
59,1417521460,249996782,52,400,399,1632,17711001,0
59,1417521460,249996782,50,400,397,1324,18702001,0
60,1417521460,252996743,51,400,391,1857,14364001,0
60,1417521460,255996705,2,400,400,2339,12185001,0
60,1417521460,261996627,1,400,406,1424,19644001,0
60,1417521460,269996524,52,400,399,1632,17683001,0
60,1417521460,269996524,50,400,398,1324,18379001,0
61,1417521460,273996473,51,400,392,1857,14449001,0
61,1417521460,275996447,2,400,400,2339,12159001,0
61,1417521460,281996370,1,400,405,1424,19642001,0
61,1417521460,290996254,52,400,399,1632,17654001,0
61,1417521460,290996254,50,400,399,1324,18322001,0
62,1417521460,293996215,51,400,393,1857,14468001,0
62,1417521460,296996177,2,400,401,2352,12137001,0
62,1417521460,302996100,1,400,404,1424,19893001,0
62,1417521460,311995984,52,400,399,1637,17655001,0
62,1417521460,311995984,50,400,399,1318,18278001,0
63,1417521460,314995945,51,400,394,1857,14561001,0
63,1417521460,317995906,2,400,401,2352,12112001,0
63,1417521460,322995842,1,400,409,1495,19930001,0
63,1417521460,331995726,52,400,399,1637,17666001,0
63,1417521460,331995726,50,400,399,1318,18327002,0
64,1417521460,335995675,51,400,394,1851,14511001,0
64,1417521460,337995649,2,400,401,2352,12111001,0
64,1417521460,343995572,1,400,408,1495,19937002,0
64,1417521460,352995456,52,400,399,1637,17662001,0
64,1417521460,352995456,50,400,399,1318,18213002,0
65,1417521460,355995417,51,400,395,1851,14570002,0
65,1417521460,358995379,2,400,401,2352,12108001,0
65,1417521460,363995314,1,400,407,1495,19936001,0
65,1417521460,372995198,52,400,399,1638,17714002,0
65,1417521460,372995198,50,400,399,1318,18165002,0
66,1417521460,376995147,51,400,396,1851,14547002,0
66,1417521460,378995121,2,400,399,2333,12066002,0
66,1417521460,384995044,1,400,406,1495,19900002,0
66,1417521460,394994915,52,400,399,1638,17807002,0
66,1417521460,394994915,50,400,400,1328,18221002,0
67,1417521460,397994876,51,400,395,1832,14574002,0
67,1417521460,400994838,2,400,399,2333,12044002,0
67,1417521460,406994761,1,400,405,1495,19952002,0
67,1417521460,414994658,52,400,399,1638,17870002,0
67,1417521460,414994658,50,400,400,1328,18294002,0
68,1417521460,418994606,51,400,396,1832,14722002,0
68,1417521460,420994580,2,400,399,2333,12005002,0
68,1417521460,426994503,1,400,404,1495,19909002,0
68,1417521460,435994387,52,400,399,1638,17901002,0
68,1417521460,435994387,50,400,400,1328,18267002,0
69,1417521460,438994349,51,400,397,1832,20834002,1
69,1417521460,441994310,2,400,397,2304,11957002,0
69,1417521460,447994233,1,400,403,1495,19685002,0
69,1417521460,455994130,52,400,399,1639,17933002,0
69,1417521460,455994130,50,400,399,1324,18213002,0
70,1417521460,459994078,51,400,394,1800,20730002,0
70,1417521460,462994040,2,400,398,2304,12016002,0
70,1417521460,467993975,1,400,402,1495,19681002,0
70,1417521460,476993859,52,400,399,1639,17900002,0
70,1417521460,476993859,50,400,399,1324,18078002,0
71,1417521460,480993808,51,400,395,1800,20706002,0
71,1417521460,482993782,2,400,399,2304,12010002,0
71,1417521460,488993705,1,400,401,1495,19700002,0
71,1417521460,496993602,52,400,399,1639,17959002,0
71,1417521460,497993589,50,400,399,1324,18034002,0
72,1417521460,500993550,51,400,396,1800,15121002,0
72,1417521460,503993512,2,400,398,2290,11976002,0
72,1417521460,508993447,1,400,401,1495,19656002,0
72,1417521460,517993332,52,400,399,1631,17760002,0
72,1417521460,517993332,50,400,397,1301,20854002,1
73,1417521460,521993280,51,400,397,1800,15252002,0
73,1417521460,524993241,2,400,399,2290,11953002,0
73,1417521460,529993177,1,400,401,1495,19612002,0
73,1417521460,538993061,52,400,399,1631,17813002,0
73,1417521460,538993061,50,400,398,1301,17972002,0
74,1417521460,542993010,51,400,395,1773,20824002,1
74,1417521460,544992984,2,400,399,2290,11940002,0
74,1417521460,549992920,1,400,401,1495,19627002,0
74,1417521460,558992804,52,400,399,1631,17731002,0
74,1417521460,559992791,50,400,399,1301,18060002,0
75,1417521460,562992752,51,400,396,1773,20688002,0
75,1417521460,565992714,2,400,399,2290,11919002,0
75,1417521460,570992649,1,400,401,1495,19703002,0
75,1417521460,579992533,52,400,399,1622,17667000,0
75,1417521460,579992533,50,400,399,1301,18026000,0
76,1417521460,583992482,51,400,397,1773,15558000,0
76,1417521460,586992443,2,400,396,2254,11883002,0
76,1417521460,590992392,1,400,406,1561,19625000,0
76,1417521460,599992276,52,400,399,1622,17609000,0
76,1417521460,599992276,50,400,397,1275,17964000,0
77,1417521460,603992224,51,400,396,1757,20809000,1
77,1417521460,606992186,2,400,397,2254,11863000,0
77,1417521460,611992121,1,400,405,1561,19644000,0
77,1417521460,620992005,52,400,399,1622,17530000,0
77,1417521460,620992005,50,400,398,1275,17870000,0
78,1417521460,624991954,51,400,397,1757,20713000,0
78,1417521460,627991915,2,400,398,2254,11795000,0
78,1417521460,631991864,1,400,404,1561,19665000,0
78,1417521460,640991748,52,400,399,1622,17520000,0
78,1417521460,640991748,50,400,399,1275,17845000,0
79,1417521460,645991684,51,400,398,1757,20719000,0
79,1417521460,648991645,2,400,396,2231,11789000,0
79,1417521460,652991593,1,400,403,1561,19630000,0
79,1417521460,661991478,52,400,399,1613,17459000,0
79,1417521460,661991478,50,400,398,1257,20889000,1
80,1417521460,665991426,51,400,398,1753,15981000,0
80,1417521460,668991387,2,400,397,2231,11763000,0
80,1417521460,672991336,1,400,402,1561,19560000,0
80,1417521460,681991220,52,400,399,1613,17356000,0
80,1417521460,682991207,50,400,399,1257,17746000,0
81,1417521460,686991156,51,400,399,1753,16100000,0
81,1417521460,689991117,2,400,398,2231,11783000,0
81,1417521460,693991066,1,400,401,1561,19535000,0
81,1417521460,702990950,52,400,399,1613,17373000,0
81,1417521460,702990950,50,400,399,1257,17835000,0
82,1417521460,706990898,51,400,399,1753,16282000,0
82,1417521460,709990860,2,400,397,2214,11784000,0
82,1417521460,714990795,1,400,401,1561,19663000,0
82,1417521460,723990679,52,400,399,1604,17346000,0
82,1417521460,723990679,50,400,399,1249,17724000,0
83,1417521460,727990628,51,400,399,1753,16251000,0
83,1417521460,730990589,2,400,398,2214,11762000,0
83,1417521460,734990538,1,400,412,1696,19506000,0
83,1417521460,743990422,52,400,399,1604,17396000,0
83,1417521460,743990422,50,400,399,1249,17720000,0
84,1417521460,748990357,51,400,399,1744,16316000,0
84,1417521460,751990319,2,400,399,2214,11828000,0
84,1417521460,755990267,1,400,410,1696,19395000,0
84,1417521460,764990151,52,400,399,1604,17387000,0
84,1417521460,764990151,50,400,399,1249,17673000,0
85,1417521460,768990100,51,400,399,1744,16318000,0
85,1417521460,771990061,2,400,399,2214,11757000,0
85,1417521460,775990010,1,400,409,1696,19293000,0
85,1417521460,784989894,52,400,399,1602,17395000,0
85,1417521460,784989894,50,400,399,1249,17551000,0
86,1417521460,789989830,51,400,399,1744,16281000,0
86,1417521460,792989791,2,400,397,2191,11686000,0
86,1417521460,796989740,1,400,408,1696,19208000,0
86,1417521460,805989624,52,400,399,1602,17350000,0
86,1417521460,805989624,50,400,399,1258,17684000,0
87,1417521460,809989572,51,400,399,1753,16377000,0
87,1417521460,812989534,2,400,398,2191,11639000,0
87,1417521460,816989482,1,400,407,1696,19241000,0
87,1417521460,825989366,52,400,399,1602,17296000,0
87,1417521460,825989366,50,400,399,1258,17685000,0
88,1417521460,830989302,51,400,399,1753,16493000,0
88,1417521460,833989263,2,400,399,2191,11609000,0
88,1417521460,837989212,1,400,406,1696,19169000,0
88,1417521460,846989096,52,400,399,1602,17248000,0
88,1417521460,846989096,50,400,399,1258,20768000,1
89,1417521460,850989044,51,400,399,1753,16553000,0
89,1417521460,853989006,2,400,399,2185,11589000,0
89,1417521460,857988954,1,400,405,1696,19183000,0
89,1417521460,866988838,52,400,399,1606,17279000,0
89,1417521460,866988838,50,400,400,1268,17835000,0
90,1417521460,871988774,51,400,399,1744,16785000,0
90,1417521460,874988735,2,400,399,2185,11531000,0
90,1417521460,878988684,1,400,409,1765,19047000,0
90,1417521460,887988568,52,400,399,1606,17298000,0
90,1417521460,887988568,50,400,400,1268,17906000,0
91,1417521460,892988504,51,400,399,1744,16986000,0
91,1417521460,895988465,2,400,399,2185,11537000,0
91,1417521460,898988426,1,400,408,1765,18901000,0
91,1417521460,907988310,52,400,399,1606,17326000,0
91,1417521460,909988285,50,400,400,1268,17840000,0
92,1417521460,912988246,51,400,399,1744,17079000,0
92,1417521460,915988207,2,400,398,2166,11624000,0
92,1417521460,918988169,1,400,407,1765,18702000,0
92,1417521460,927988053,52,400,399,1598,17276000,0
92,1417521460,929988027,50,400,399,1258,17741001,0
93,1417521460,933987976,51,400,399,1744,17103001,0
93,1417521460,936987937,2,400,399,2166,11627001,0
93,1417521460,939987898,1,400,406,1765,18527001,0
93,1417521460,948987783,52,400,399,1598,17197001,0
93,1417521460,950987757,50,400,399,1258,17711000,0
94,1417521460,953987718,51,400,399,1734,17176000,0
94,1417521460,957987667,2,400,399,2166,11632001,0
94,1417521460,959987641,1,400,405,1765,18499001,0
94,1417521460,968987525,52,400,399,1598,17106001,0
94,1417521460,970987499,50,400,399,1258,20710001,1
95,1417521460,974987448,51,400,399,1734,17302001,0
95,1417521460,977987409,2,400,399,2166,11662001,0
95,1417521460,980987371,1,400,404,1765,18533001,0
95,1417521460,989987255,52,400,399,1594,17159001,0
95,1417521460,991987229,50,400,399,1258,17608001,0
96,1417521460,995987177,51,400,399,1734,17390001,0
96,1417521460,997987152,2,400,396,2135,11660001,0
96,1417521461,999988,1,400,403,1765,18427001,0
96,1417521461,9999872,52,400,399,1594,17220001,0
96,1417521461,12999833,50,400,398,1239,20707001,1
97,1417521461,15999795,51,400,399,1736,17817001,0
97,1417521461,18999756,2,400,397,2135,11661001,0
97,1417521461,21999717,1,400,402,1765,18314001,0
97,1417521461,30999601,52,400,399,1594,17345001,0
97,1417521461,32999576,50,400,399,1239,17569001,0
98,1417521461,36999524,51,400,399,1736,18195001,0
98,1417521461,39999486,2,400,398,2135,11633001,0
98,1417521461,41999460,1,400,401,1765,18292001,0
98,1417521461,50999344,52,400,399,1594,17499001,0
98,1417521461,53999305,50,400,399,1239,17211001,0
99,1417521461,56999267,51,400,399,1736,18153001,0
99,1417521461,60999215,2,400,396,2109,11592001,0
99,1417521461,62999189,1,400,401,1765,18056001,0
99,1417521461,71999074,52,400,399,1593,17609001,0
99,1417521461,73999048,50,400,399,1229,16998001,0
100,1417521461,77998996,51,400,400,1746,18248001,0
100,1417521461,80998958,2,400,397,2109,11661001,0
100,1417521461,83998919,1,400,401,1765,17919001,0
100,1417521461,91998816,52,400,399,1593,17559001,0
100,1417521461,94998777,50,400,399,1229,16880001,0
101,1417521461,97998739,51,400,400,1746,18204001,0
101,1417521461,101998687,2,400,398,2109,11611001,0
101,1417521461,103998662,1,400,401,1765,17927001,0
101,1417521461,112998546,52,400,399,1593,17540001,0
101,1417521461,114998520,50,400,399,1229,16828001,0
102,1417521461,117998481,51,400,400,1746,18168001,0
102,1417521461,121998430,2,400,397,2091,11613001,0
102,1417521461,123998404,1,400,401,1765,17981001,0
102,1417521461,133998275,52,400,399,1584,17555001,0
102,1417521461,135998250,50,400,398,1215,16898001,0
103,1417521461,138998211,51,400,400,1746,18096001,0
103,1417521461,142998159,2,400,398,2091,11612001,0
103,1417521461,144998134,1,400,401,1765,17978001,0
103,1417521461,153998018,52,400,399,1584,17558001,0
103,1417521461,155997992,50,400,399,1215,16947001,0
104,1417521461,158997953,51,400,401,1757,18059001,0
104,1417521461,162997902,2,400,399,2091,11563001,0
104,1417521461,164997876,1,400,401,1765,18024001,0
104,1417521461,174997747,52,400,399,1584,17526001,0
104,1417521461,176997722,50,400,399,1215,16992001,0
105,1417521461,179997683,51,400,401,1757,17995001,0
105,1417521461,182997644,2,400,399,2091,11541001,0
105,1417521461,185997606,1,400,401,1765,18050001,0
105,1417521461,194997490,52,400,399,1588,17553001,0
105,1417521461,196997464,50,400,399,1215,16989001,0
106,1417521461,199997426,51,400,401,1757,17994001,0
106,1417521461,203997374,2,400,397,2063,11537001,0
106,1417521461,205997348,1,400,401,1765,18153001,0
106,1417521461,215997220,52,400,399,1588,17485001,0
106,1417521461,217997194,50,400,399,1207,16997001,0
107,1417521461,220997155,51,400,400,1754,17953001,0
107,1417521461,224997104,2,400,398,2063,11551001,0
107,1417521461,226997078,1,400,401,1765,18204001,0
107,1417521461,235996962,52,400,399,1588,17504001,0
107,1417521461,237996936,50,400,399,1207,17080001,0
108,1417521461,240996898,51,400,400,1754,18068001,0
108,1417521461,244996846,2,400,399,2063,11584001,0
108,1417521461,246996820,1,400,401,1765,18241001,0
108,1417521461,256996692,52,400,399,1588,17624001,0
108,1417521461,258996666,50,400,399,1207,16994001,0
109,1417521461,261996627,51,400,400,1754,18069001,0
109,1417521461,265996576,2,400,397,2042,11547001,0
109,1417521461,267996550,1,400,401,1765,18206001,0
109,1417521461,276996434,52,400,400,1599,17662001,0
109,1417521461,278996409,50,400,400,1225,16843001,0
110,1417521461,281996370,51,400,400,1755,18049001,0
110,1417521461,285996318,2,400,398,2042,11520001,0
110,1417521461,287996293,1,400,401,1765,18166001,0
110,1417521461,297996164,52,400,400,1599,17771001,0
110,1417521461,299996138,50,400,400,1225,16867001,0
111,1417521461,302996100,51,400,400,1755,18003001,0
111,1417521461,306996048,2,400,399,2042,11493001,0
111,1417521461,308996022,1,400,401,1765,18133001,0
111,1417521461,317995906,52,400,400,1599,17852001,0
111,1417521461,320995868,50,400,400,1225,16937002,0
112,1417521461,322995842,51,400,400,1755,17978001,0
112,1417521461,326995791,2,400,398,2030,11472001,0
112,1417521461,328995765,1,400,401,1765,18034002,0
112,1417521461,338995636,52,400,399,1598,17954001,0
112,1417521461,340995610,50,400,400,1227,16974001,0
113,1417521461,343995572,51,400,400,1755,18000001,0
113,1417521461,346995533,2,400,399,2030,11454001,0
113,1417521461,349995494,1,400,401,1765,18035001,0
113,1417521461,358995379,52,400,399,1598,17999002,0
113,1417521461,361995340,50,400,400,1227,20616001,1
114,1417521461,363995314,51,400,399,1748,17941002,0
114,1417521461,367995263,2,400,399,2030,11406002,0
114,1417521461,369995237,1,400,401,1765,17892001,0
114,1417521461,379995108,52,400,399,1598,18107002,0
114,1417521461,381995082,50,400,400,1227,16959002,0
115,1417521461,384995044,51,400,399,1748,17903002,0
115,1417521461,387995005,2,400,399,2030,11510002,0
115,1417521461,390994967,1,400,401,1765,17806001,0
115,1417521461,399994851,52,400,398,1587,18267002,0
115,1417521461,402994812,50,400,400,1227,17054002,0
116,1417521461,404994786,51,400,399,1748,17888002,0
116,1417521461,408994735,2,400,399,2024,11428002,0
116,1417521461,410994709,1,400,401,1765,17745002,0
116,1417521461,420994580,52,400,399,1587,18271002,0
116,1417521461,423994542,50,400,399,1217,17062002,0
117,1417521461,426994503,51,400,397,1726,17995002,0
117,1417521461,429994464,2,400,399,2024,11397002,0
117,1417521461,431994439,1,400,401,1765,17598002,0
117,1417521461,441994310,52,400,399,1587,18457002,0
117,1417521461,444994271,50,400,399,1217,16952002,0
118,1417521461,446994246,51,400,398,1726,18108002,0
118,1417521461,450994194,2,400,399,2024,11405002,0
118,1417521461,452994168,1,400,401,1765,17508002,0
118,1417521461,462994040,52,400,399,1587,18588002,0
118,1417521461,465994001,50,400,399,1217,16867002,0
119,1417521461,467993975,51,400,399,1726,18215002,0
119,1417521461,471993924,2,400,399,2024,11416002,0
119,1417521461,473993898,1,400,401,1765,17410002,0
119,1417521461,482993782,52,400,399,1585,18693002,0
119,1417521461,485993743,50,400,399,1209,16721002,0
120,1417521461,487993718,51,400,399,1721,18249002,0
120,1417521461,491993666,2,400,399,2024,11386002,0
120,1417521461,493993640,1,400,401,1765,17326002,0
120,1417521461,503993512,52,400,399,1585,18665002,0
120,1417521461,506993473,50,400,399,1209,16587002,0
121,1417521461,508993447,51,400,399,1721,18436002,0
121,1417521461,512993396,2,400,399,2024,11360002,0
121,1417521461,514993370,1,400,401,1765,17333002,0
121,1417521461,523993254,52,400,399,1585,18616002,0
121,1417521461,526993216,50,400,399,1209,16504002,0
122,1417521461,528993190,51,400,399,1721,18469002,0
122,1417521461,533993126,2,400,398,2009,11353002,0
122,1417521461,534993113,1,400,401,1765,17433002,0
122,1417521461,544992984,52,400,399,1581,18574002,0
122,1417521461,547992945,50,400,398,1190,16369002,0
123,1417521461,549992920,51,400,399,1721,18651002,0
123,1417521461,553992868,2,400,399,2009,11375002,0
123,1417521461,553992868,1,400,401,1765,17502002,0
123,1417521461,564992726,52,400,399,1581,18660002,0
123,1417521461,567992688,50,400,399,1190,16292000,0
124,1417521461,569992662,51,400,399,1717,18674000,0
124,1417521461,574992598,2,400,399,2009,11302002,0
124,1417521461,574992598,1,400,401,1765,17453002,0
124,1417521461,585992456,52,400,399,1581,18561000,0
124,1417521461,588992417,50,400,399,1190,20613000,1
125,1417521461,590992392,51,400,399,1717,18825000,0
125,1417521461,594992340,2,400,399,2009,11323000,0
125,1417521461,595992327,1,400,401,1765,17481000,0
125,1417521461,605992199,52,400,398,1567,18543000,0
125,1417521461,608992160,50,400,399,1190,16087000,0
126,1417521461,610992134,51,400,399,1717,18910000,0
126,1417521461,615992070,2,400,397,1985,11337000,0
126,1417521461,615992070,1,400,401,1765,17583000,0
126,1417521461,626991928,52,400,399,1567,18515000,0
126,1417521461,628991902,50,400,398,1172,15914000,0
127,1417521461,631991864,51,400,399,1709,18968000,0
127,1417521461,636991799,2,400,398,1985,11261000,0
127,1417521461,636991799,1,400,401,1765,17641000,0
127,1417521461,646991671,52,400,399,1567,18474000,0
127,1417521461,649991632,50,400,399,1172,15793000,0
128,1417521461,651991606,51,400,399,1709,19112000,0
128,1417521461,656991542,2,400,399,1985,11245000,0
128,1417521461,656991542,1,400,401,1765,17769000,0
128,1417521461,667991400,52,400,399,1567,18574000,0
128,1417521461,670991362,50,400,399,1172,15683000,0
129,1417521461,672991336,51,400,399,1709,19309000,0
129,1417521461,677991272,2,400,397,1962,11131000,0
129,1417521461,677991272,1,400,401,1765,17663000,0
129,1417521461,687991143,52,400,399,1564,18694000,0
129,1417521461,690991104,50,400,401,1201,15669000,0
130,1417521461,692991078,51,400,399,1708,19399000,0
130,1417521461,697991014,2,400,398,1962,11176000,0
130,1417521461,698991001,1,400,401,1765,17561000,0
130,1417521461,708990872,52,400,399,1564,18817000,0
130,1417521461,711990834,50,400,401,1201,20740000,1
131,1417521461,713990808,51,400,399,1708,19552000,0
131,1417521461,718990744,2,400,399,1962,11378000,0
131,1417521461,718990744,1,400,401,1765,17516000,0
131,1417521461,728990615,52,400,399,1564,18801000,0
131,1417521461,731990576,50,400,401,1201,15573000,0
132,1417521461,733990551,51,400,399,1708,19703000,0
132,1417521461,739990473,2,400,397,1935,11327000,0
132,1417521461,739990473,1,400,401,1765,17277000,0
132,1417521461,749990345,52,400,399,1564,18879000,0
132,1417521461,752990306,50,400,402,1224,20733000,1
133,1417521461,754990280,51,400,399,1708,19642000,0
133,1417521461,759990216,2,400,398,1935,11290000,0
133,1417521461,759990216,1,400,401,1765,17167000,0
133,1417521461,769990087,52,400,399,1564,18910000,0
133,1417521461,773990036,50,400,401,1224,15174000,0
134,1417521461,773990036,51,400,397,1684,19680000,0
134,1417521461,780989946,2,400,399,1935,11251000,0
134,1417521461,780989946,1,400,401,1765,17034000,0
134,1417521461,790989817,52,400,399,1564,19085000,0
134,1417521461,793989778,50,400,401,1224,15301000,0
135,1417521461,793989778,51,400,398,1684,19808000,0
135,1417521461,800989688,2,400,399,1935,11222000,0
135,1417521461,800989688,1,400,401,1765,16817000,0
135,1417521461,810989559,52,400,399,1554,19232000,0
135,1417521461,814989508,50,400,401,1224,15398000,0
136,1417521461,814989508,51,400,399,1684,19769000,0
136,1417521461,821989418,2,400,398,1919,11188000,0
136,1417521461,821989418,1,400,401,1765,16690000,0
136,1417521461,831989289,52,400,399,1554,19358000,0
136,1417521461,835989237,50,400,401,1237,15402000,0
137,1417521461,835989237,51,400,397,1657,19844000,0
137,1417521461,841989160,2,400,399,1919,11131000,0
137,1417521461,841989160,1,400,401,1765,16517000,0
137,1417521461,851989031,52,400,399,1554,19416000,0
137,1417521461,855988980,50,400,401,1237,15411000,0
138,1417521461,855988980,51,400,398,1657,19895000,0
138,1417521461,862988890,2,400,399,1919,11214000,0
138,1417521461,862988890,1,400,401,1765,16359000,0
138,1417521461,872988761,52,400,399,1554,19576000,0
138,1417521461,876988710,50,400,401,1237,15449000,0
139,1417521461,876988710,51,400,399,1657,19931000,0
139,1417521461,882988632,2,400,399,1914,11288000,0
139,1417521461,882988632,1,400,401,1765,16110000,0
139,1417521461,892988504,52,400,399,1547,19692000,0
139,1417521461,897988439,50,400,401,1250,15388000,0
140,1417521461,897988439,51,400,397,1634,19885000,0
140,1417521461,903988362,2,400,399,1914,11387000,0
140,1417521461,903988362,1,400,401,1765,15924000,0
140,1417521461,913988233,52,400,399,1547,19902001,0
140,1417521461,917988182,50,400,401,1250,20640000,1
141,1417521461,917988182,51,400,398,1634,19869000,0
141,1417521461,923988104,2,400,399,1914,11448000,0
141,1417521461,924988092,1,400,401,1765,15807000,0
141,1417521461,933987976,52,400,399,1547,20083001,0
141,1417521461,938987911,50,400,401,1250,20524001,0
142,1417521461,938987911,51,400,399,1634,19854001,0
142,1417521461,944987834,2,400,399,1907,11370000,0
142,1417521461,944987834,1,400,401,1765,15660000,0
142,1417521461,954987705,52,400,398,1533,20269001,0
142,1417521461,959987641,50,400,400,1244,15025001,0
143,1417521461,959987641,51,400,399,1634,19851001,0
143,1417521461,964987577,2,400,399,1907,11390001,0
143,1417521461,965987564,1,400,401,1765,15547000,0
143,1417521461,974987448,50,400,400,1244,20771001,1
143,1417521461,979987383,52,400,399,1533,20512001,0
144,1417521461,979987383,51,400,397,1604,20017001,0
144,1417521461,985987306,2,400,399,1907,20860001,2
144,1417521461,985987306,1,400,401,1765,15472001,0
144,1417521461,995987177,50,400,400,1244,20714001,0
144,1417521462,999988,52,400,399,1533,15384001,0
145,1417521462,999988,51,400,398,1604,20015001,0
145,1417521462,5999923,2,400,399,1907,11383001,0
145,1417521462,6999910,1,400,401,1765,15135001,0
145,1417521462,15999795,50,400,400,1244,20850001,1
145,1417521462,21999717,52,400,397,1510,20937001,1
146,1417521462,21999717,51,400,399,1604,20049001,0
146,1417521462,26999653,2,400,399,1898,11493001,0
146,1417521462,26999653,1,400,401,1765,14969001,0
146,1417521462,36999524,50,400,399,1234,20520001,0
146,1417521462,41999460,52,400,398,1510,20820001,1
147,1417521462,41999460,51,400,398,1593,19979001,0
147,1417521462,47999383,2,400,399,1898,11363001,0
147,1417521462,47999383,1,400,401,1765,14832001,0
147,1417521462,56999267,52,400,399,1510,20793001,1
147,1417521462,62999189,50,400,399,1234,20573001,0
148,1417521462,62999189,51,400,399,1593,20097001,0
148,1417521462,67999125,2,400,399,1898,11322001,0
148,1417521462,67999125,1,400,401,1765,14782001,0
148,1417521462,77998996,50,400,399,1234,20607001,0
148,1417521462,83998919,52,400,399,1510,20813001,1
149,1417521462,83998919,51,400,399,1593,20108001,0
149,1417521462,88998855,2,400,398,1882,11399001,0
149,1417521462,88998855,1,400,401,1765,14624001,0
149,1417521462,97998739,52,400,397,1487,20470001,0
149,1417521462,103998662,50,400,399,1243,15815001,0
150,1417521462,103998662,51,400,399,1589,20144001,0
150,1417521462,108998597,2,400,399,1882,11439001,0
150,1417521462,108998597,1,400,401,1765,14466001,0
150,1417521462,118998468,52,400,398,1487,20588001,0
150,1417521462,124998391,50,400,399,1243,15936001,0
151,1417521462,124998391,51,400,399,1589,20159001,0
151,1417521462,129998327,2,400,399,1882,11467001,0
151,1417521462,129998327,1,400,401,1765,14323001,0
151,1417521462,138998211,52,400,399,1487,20481001,0
151,1417521462,144998134,50,400,399,1243,15999001,0
152,1417521462,145998121,51,400,399,1589,20062001,0
152,1417521462,149998069,2,400,396,1848,11678001,0
152,1417521462,149998069,1,400,401,1765,14191001,0
152,1417521462,158997953,50,400,400,1260,20856001,1
152,1417521462,165997863,52,400,399,1482,20600001,0
153,1417521462,165997863,51,400,399,1589,19848001,0
153,1417521462,170997799,2,400,397,1848,11756001,0
153,1417521462,170997799,1,400,401,1765,13969001,0
153,1417521462,179997683,52,400,399,1482,20643001,0
153,1417521462,185997606,50,400,400,1260,20690001,1
154,1417521462,186997593,51,400,397,1568,19911001,0
154,1417521462,190997541,2,400,398,1848,11764001,0
154,1417521462,190997541,1,400,401,1765,13765001,0
154,1417521462,199997426,50,400,400,1260,20484001,0
154,1417521462,206997335,52,400,399,1482,20783001,1
155,1417521462,206997335,51,400,398,1568,19866001,0
155,1417521462,211997271,2,400,399,1848,11748001,0
155,1417521462,211997271,1,400,401,1765,13806001,0
155,1417521462,220997155,52,400,399,1475,16329001,0
155,1417521462,227997065,50,400,400,1260,20464001,0
156,1417521462,227997065,51,400,399,1568,19901001,0
156,1417521462,231997014,2,400,397,1819,11709001,0
156,1417521462,231997014,1,400,394,1691,13814001,0
156,1417521462,241996885,50,400,401,1283,20604001,0
156,1417521462,247996808,52,400,399,1475,20782001,1
157,1417521462,248996795,51,400,399,1560,19986001,0
157,1417521462,252996743,2,400,398,1819,11778001,0
157,1417521462,252996743,1,400,395,1691,13492001,0
157,1417521462,261996627,50,400,401,1283,20408001,0
157,1417521462,268996537,52,400,399,1475,20656001,1
158,1417521462,268996537,51,400,399,1560,19955001,0
158,1417521462,272996486,2,400,399,1819,11825001,0
158,1417521462,272996486,1,400,396,1691,13443001,0
158,1417521462,281996370,52,400,399,1475,16477001,0
158,1417521462,288996280,50,400,401,1283,20520001,0
159,1417521462,289996267,51,400,399,1560,20171001,0
159,1417521462,293996215,2,400,398,1800,11892001,0
159,1417521462,293996215,1,400,397,1691,13517001,0
159,1417521462,302996100,50,400,402,1310,20677001,0
159,1417521462,309996009,52,400,398,1457,16579001,0
160,1417521462,309996009,51,400,398,1544,20154001,0
160,1417521462,313995958,2,400,399,1800,11931001,0
160,1417521462,314995945,1,400,398,1691,13219001,0
160,1417521462,322995842,52,400,399,1457,16583001,0
160,1417521462,330995739,50,400,401,1310,20698002,0
161,1417521462,330995739,51,400,399,1544,20245002,0
161,1417521462,334995688,2,400,399,1800,20756001,1
161,1417521462,334995688,1,400,399,1691,13100001,0
161,1417521462,343995572,52,400,399,1457,20978001,1
161,1417521462,350995482,50,400,401,1310,20645001,0
162,1417521462,350995482,51,400,399,1544,20355002,0
162,1417521462,354995430,2,400,399,1791,20543002,0
162,1417521462,355995417,1,400,399,1691,12904002,0
162,1417521462,363995314,52,400,398,1439,20821002,1
162,1417521462,371995211,50,400,401,1328,20421002,0
163,1417521462,371995211,51,400,399,1544,20352001,0
163,1417521462,375995160,2,400,399,1791,20686001,1
163,1417521462,375995160,1,400,399,1691,12807002,0
163,1417521462,384995044,52,400,399,1439,20617002,0
163,1417521462,391994954,50,400,401,1328,20426002,0
164,1417521462,392994941,2,400,399,1791,20606001,0
164,1417521462,396994889,51,400,397,1517,20434002,0
164,1417521462,396994889,1,400,399,1691,12714002,0
164,1417521462,404994786,50,400,401,1328,20433002,0
164,1417521462,412994683,52,400,399,1439,20650002,0
165,1417521462,412994683,2,400,399,1791,20627002,0
165,1417521462,416994632,51,400,398,1517,12081002,0
165,1417521462,416994632,1,400,399,1691,12637002,0
165,1417521462,425994516,52,400,397,1411,20605002,0
165,1417521462,433994413,50,400,401,1328,16697002,0
166,1417521462,433994413,2,400,400,1802,20612002,1
166,1417521462,437994361,51,400,399,1517,12266002,0
166,1417521462,437994361,1,400,399,1691,20437002,1
166,1417521462,445994258,52,400,398,1411,20817002,1
166,1417521462,453994155,50,400,401,1335,16530002,0
167,1417521462,453994155,2,400,400,1802,19919002,0
167,1417521462,457994104,51,400,399,1508,12466002,0
167,1417521462,457994104,1,400,399,1691,12365002,0
167,1417521462,465994001,52,400,399,1411,20718002,0
167,1417521462,474993885,50,400,401,1335,16848002,0
168,1417521462,474993885,2,400,400,1802,20440002,1
168,1417521462,477993846,51,400,399,1508,12481002,0
168,1417521462,477993846,1,400,399,1691,12202002,0
168,1417521462,487993718,52,400,399,1411,20742002,0
168,1417521462,496993602,50,400,401,1335,20935002,2
169,1417521462,496993602,2,400,401,1822,19761002,0
169,1417521462,499993563,51,400,399,1508,12567002,0
169,1417521462,499993563,1,400,399,1691,11934002,0
169,1417521462,507993460,50,400,401,1344,20586002,0
169,1417521462,516993344,52,400,398,1391,20772002,0
170,1417521462,516993344,2,400,401,1822,19638002,0
170,1417521462,519993306,51,400,397,1487,12590002,0
170,1417521462,519993306,1,400,399,1691,11460002,0
170,1417521462,528993190,50,400,401,1344,20520002,0
170,1417521462,537993074,52,400,399,1391,20636002,0
171,1417521462,537993074,2,400,401,1822,19383002,0
171,1417521462,540993035,51,400,398,1487,12707002,0
171,1417521462,540993035,1,400,399,1691,11146002,0
171,1417521462,548992932,50,400,401,1344,20668002,0
171,1417521462,558992804,52,400,399,1391,20903002,1
172,1417521462,558992804,2,400,401,1835,19427002,0
172,1417521462,560992778,51,400,399,1487,12944002,0
172,1417521462,560992778,1,400,399,1691,11012002,0
172,1417521462,568992675,52,400,399,1393,20506000,0
172,1417521462,578992546,50,400,401,1355,20650000,0
173,1417521462,578992546,2,400,401,1835,19228002,0
173,1417521462,580992520,51,400,399,1487,13051000,0
173,1417521462,580992520,1,400,399,1691,10693002,0
173,1417521462,588992417,52,400,399,1393,20827000,1
173,1417521462,599992276,50,400,401,1355,20543000,0
174,1417521462,599992276,2,400,401,1835,18686000,0
174,1417521462,599992276,51,400,399,1490,13325000,0
174,1417521462,602992237,1,400,399,1691,20248000,1
174,1417521462,609992147,50,400,401,1355,20418000,0
174,1417521462,619992018,52,400,399,1393,18597000,0
175,1417521462,619992018,2,400,401,1835,18411000,0
175,1417521462,620992005,51,400,399,1490,13805000,0
175,1417521462,623991967,1,400,399,1691,9884000,0
175,1417521462,629991890,50,400,401,1355,20620000,0
175,1417521462,640991748,52,400,398,1376,18980000,0
176,1417521462,640991748,2,400,400,1832,18029000,0
176,1417521462,640991748,51,400,399,1490,14166000,0
176,1417521462,643991709,1,400,399,1691,9444000,0
176,1417521462,649991632,50,400,402,1375,20462000,0
176,1417521462,661991478,52,400,399,1376,19289000,0
177,1417521462,661991478,2,400,400,1832,17570000,0
177,1417521462,661991478,51,400,399,1490,14473000,0
177,1417521462,664991439,1,400,399,1691,9107000,0
177,1417521462,669991375,50,400,401,1375,20486000,0
177,1417521462,681991220,2,400,400,1832,17233000,0
178,1417521462,681991220,52,400,399,1376,19757000,0
178,1417521462,681991220,51,400,399,1490,14863000,0
178,1417521462,684991181,1,400,399,1691,8729000,0
178,1417521462,689991117,2,400,399,1819,20648000,2
178,1417521462,701990963,50,400,401,1375,20591000,0
179,1417521462,702990950,52,400,399,1376,20795000,1
179,1417521462,702990950,51,400,399,1490,15211000,0
179,1417521462,705990911,1,400,399,1691,8378000,0
179,1417521462,710990847,2,400,399,1819,20418000,0
179,1417521462,722990692,52,400,397,1348,17350000,0
180,1417521462,722990692,50,400,402,1402,20656000,0
180,1417521462,722990692,51,400,399,1491,15509000,0
180,1417521462,725990654,1,400,399,1691,8428000,0
180,1417521462,730990589,2,400,399,1819,20212000,0
180,1417521462,742990435,52,400,398,1348,20667000,1
181,1417521462,742990435,50,400,401,1402,20790000,0
181,1417521462,743990422,51,400,399,1491,15831000,0
181,1417521462,746990383,1,400,399,1691,8250000,0
181,1417521462,750990332,2,400,399,1818,19640000,0
181,1417521462,762990177,50,400,401,1402,17346000,0
182,1417521462,762990177,52,400,399,1348,20894000,1
182,1417521462,762990177,51,400,399,1491,16137000,0
182,1417521462,767990113,1,400,399,1691,8084000,0
182,1417521462,770990074,2,400,399,1818,20219000,1
182,1417521462,782989920,50,400,401,1421,20824000,2
183,1417521462,782989920,52,400,398,1333,20910000,1
183,1417521462,784989894,51,400,399,1491,16505000,0
183,1417521462,787989855,1,400,390,1592,8075000,0
183,1417521462,790989817,2,400,399,1818,18893000,0
183,1417521462,803989649,50,400,401,1421,20575000,0
184,1417521462,805989624,52,400,399,1333,17724000,0
184,1417521462,805989624,51,400,399,1500,16932000,0
184,1417521462,808989585,1,400,391,1592,8040000,0
184,1417521462,810989559,2,400,399,1818,18500000,0
184,1417521462,823989392,50,400,401,1421,20586000,0
185,1417521462,825989366,52,400,399,1333,17856000,0
185,1417521462,826989353,51,400,399,1500,17349000,0
185,1417521462,828989328,1,400,392,1592,8010000,0
185,1417521462,831989289,2,400,401,1844,17989000,0
185,1417521462,843989134,50,400,401,1421,20717000,0
186,1417521462,846989096,52,400,398,1313,18029000,0
186,1417521462,846989096,51,400,399,1500,17774000,0
186,1417521462,849989057,1,400,393,1592,8160000,0
186,1417521462,851989031,2,400,401,1844,17689000,0
186,1417521462,863988877,50,400,401,1436,20864000,1
187,1417521462,867988825,52,400,399,1313,17955000,0
187,1417521462,867988825,51,400,398,1485,17990000,0
187,1417521462,869988800,1,400,394,1592,8242000,0
187,1417521462,871988774,2,400,401,1844,17189000,0
187,1417521462,884988607,52,400,399,1313,20596000,1
188,1417521462,887988568,50,400,401,1436,20636000,0
188,1417521462,887988568,51,400,399,1485,18100000,0
188,1417521462,890988529,1,400,395,1592,8141000,0
188,1417521462,892988504,2,400,402,1873,17068000,0
188,1417521462,904988349,50,400,401,1436,20554001,0
189,1417521462,908988298,52,400,399,1313,20889000,0
189,1417521462,908988298,51,400,399,1485,18319000,0
189,1417521462,911988259,1,400,396,1592,8039000,0
189,1417521462,911988259,2,400,401,1873,16687000,0
189,1417521462,924988092,50,400,401,1444,20541000,0
190,1417521462,929988027,52,400,397,1283,20914000,1
190,1417521462,929988027,51,400,398,1474,18545001,0
190,1417521462,931988001,1,400,397,1592,8006000,0
190,1417521462,931988001,2,400,401,1873,16410000,0
190,1417521462,945987821,52,400,398,1283,18481001,0
191,1417521462,949987770,50,400,401,1444,18469001,0
191,1417521462,949987770,51,400,399,1474,18750001,0
191,1417521462,952987731,1,400,398,1592,8139001,0
191,1417521462,952987731,2,400,404,1920,15958001,0
191,1417521462,965987564,52,400,399,1283,20887001,1
192,1417521462,970987499,50,400,401,1444,20915001,2
192,1417521462,970987499,51,400,399,1474,19129001,0
192,1417521462,972987474,1,400,399,1592,8181001,0
192,1417521462,972987474,2,400,403,1920,15437001,0
192,1417521462,985987306,50,400,400,1443,20545001,0
193,1417521462,991987229,52,400,399,1275,20466001,0
193,1417521462,991987229,51,400,399,1474,19405001,0
193,1417521462,993987203,1,400,399,1592,8224001,0
193,1417521462,993987203,2,400,402,1920,20506001,1
193,1417521463,6999910,50,400,400,1443,20594001,0
194,1417521463,11999846,52,400,399,1275,18737001,0
194,1417521463,11999846,51,400,400,1488,19704001,0
194,1417521463,13999820,1,400,399,1592,8121001,0
194,1417521463,13999820,2,400,401,1920,20272001,0
194,1417521463,26999653,50,400,400,1443,20919001,1
195,1417521463,32999576,52,400,399,1275,18927001,0
195,1417521463,32999576,1,400,399,1592,8125001,0
195,1417521463,34999550,51,400,400,1488,19983001,0
195,1417521463,34999550,2,400,403,1952,20205001,0
195,1417521463,46999395,52,400,399,1265,19106001,0
196,1417521463,53999305,50,400,400,1443,20950001,0
196,1417521463,53999305,1,400,399,1592,20437001,1
196,1417521463,53999305,51,400,400,1488,20515001,0
196,1417521463,55999280,2,400,402,1952,14031001,0
196,1417521463,66999138,50,400,401,1456,20894001,1
197,1417521463,73999048,52,400,399,1265,20891001,1
197,1417521463,74999035,1,400,399,1592,20091001,0
197,1417521463,74999035,51,400,399,1475,8562001,0
197,1417521463,75999022,2,400,401,1952,13459001,0
197,1417521463,87998868,52,400,399,1265,20657001,0
198,1417521463,95998765,50,400,401,1456,20435001,0
198,1417521463,95998765,1,400,399,1592,20444001,1
198,1417521463,96998752,51,400,399,1475,8674001,0
198,1417521463,96998752,2,400,401,1970,13354001,0
198,1417521463,107998610,50,400,401,1456,20674001,0
199,1417521463,115998507,52,400,399,1265,20533001,0
199,1417521463,115998507,1,400,399,1592,19488001,0
199,1417521463,115998507,51,400,399,1475,8800001,0
199,1417521463,115998507,2,400,401,1970,12965001,0
199,1417521463,128998340,50,400,402,1485,19766001,0
200,1417521463,135998250,52,400,399,1256,20786001,1
200,1417521463,135998250,1,400,399,1592,19350001,0
200,1417521463,136998237,51,400,399,1474,8933001,0
200,1417521463,136998237,2,400,401,1970,12734001,0
200,1417521463,148998082,1,400,399,1592,20392001,1
201,1417521463,156997979,52,400,399,1256,20715001,0
201,1417521463,156997979,50,400,401,1485,20269001,0
201,1417521463,156997979,51,400,399,1474,9196001,0
201,1417521463,156997979,2,400,401,1983,12373001,0
201,1417521463,168997825,1,400,399,1592,20446001,2
202,1417521463,176997722,52,400,399,1256,20957001,0
202,1417521463,176997722,50,400,401,1485,19826001,0
202,1417521463,176997722,51,400,399,1474,9487001,0
202,1417521463,178997696,2,400,401,1983,12316001,0
202,1417521463,188997567,1,400,392,1520,20086001,0
203,1417521463,197997451,52,400,398,1240,20676001,0
203,1417521463,197997451,50,400,401,1493,19778001,0
203,1417521463,197997451,51,400,399,1474,9747001,0
203,1417521463,198997438,2,400,401,1983,20412001,1
203,1417521463,209997297,1,400,393,1520,19557001,0
204,1417521463,217997194,52,400,399,1240,20705001,0
204,1417521463,217997194,50,400,401,1493,19888001,0
204,1417521463,217997194,51,400,399,1483,20623001,1
204,1417521463,219997168,2,400,401,1983,20314001,0
204,1417521463,229997039,1,400,394,1520,19107001,0
205,1417521463,237996936,52,400,399,1240,20111001,0
205,1417521463,239996911,50,400,401,1493,20175001,0
205,1417521463,239996911,51,400,399,1483,10050001,0
205,1417521463,239996911,2,400,399,1955,20287001,0
205,1417521463,249996782,1,400,395,1520,18540001,0
206,1417521463,257996679,50,400,401,1493,20982001,1
206,1417521463,260996640,52,400,398,1226,20313001,0
206,1417521463,260996640,51,400,399,1483,20751001,1
206,1417521463,260996640,2,400,399,1955,12324001,0
206,1417521463,269996524,1,400,396,1520,18220001,0
207,1417521463,278996409,50,400,401,1497,20763001,0
207,1417521463,280996383,52,400,399,1226,20656001,0
207,1417521463,280996383,51,400,399,1483,10908001,0
207,1417521463,280996383,2,400,399,1955,12401001,0
207,1417521463,290996254,1,400,397,1520,17916001,0
208,1417521463,298996151,51,400,399,1483,11102001,0
208,1417521463,301996112,52,400,399,1226,20450001,0
208,1417521463,301996112,50,400,401,1497,20834001,1
208,1417521463,302996100,2,400,399,1959,12316001,0
208,1417521463,310995997,1,400,398,1520,17590001,0
209,1417521463,318995894,51,400,399,1483,21044001,3
209,1417521463,322995842,50,400,401,1497,21196001,1
209,1417521463,322995842,52,400,399,1226,21192001,1
209,1417521463,322995842,2,400,399,1959,20389001,1
209,1417521463,330995739,1,400,399,1520,16978001,0
210,1417521463,339995623,51,400,400,1500,20490001,0
210,1417521463,342995585,50,400,401,1512,20519002,0
210,1417521463,342995585,52,400,397,1201,21058002,1
210,1417521463,343995572,2,400,399,1959,20302001,0
210,1417521463,351995469,1,400,399,1520,16770002,0
211,1417521463,359995366,50,400,401,1512,20571002,0
211,1417521463,363995314,51,400,400,1500,20604002,0
211,1417521463,363995314,52,400,398,1201,12283002,0
211,1417521463,363995314,2,400,401,1981,20291001,0
211,1417521463,371995211,1,400,399,1520,16547001,0
212,1417521463,379995108,51,400,400,1500,20953002,1
212,1417521463,384995044,50,400,401,1512,20742002,0
212,1417521463,384995044,52,400,399,1201,21327002,2
212,1417521463,384995044,2,400,401,1981,20287002,0
212,1417521463,391994954,1,400,399,1520,16333002,0
213,1417521463,400994838,50,400,400,1507,20484002,0
213,1417521463,404994786,51,400,400,1500,20666002,0
213,1417521463,404994786,52,400,397,1177,13177002,0
213,1417521463,405994773,2,400,401,1981,11838002,0
213,1417521463,411994696,1,400,399,1520,16041002,0
214,1417521463,420994580,51,400,400,1508,20887002,1
214,1417521463,425994516,50,400,400,1507,20744002,0
214,1417521463,425994516,52,400,398,1177,13364002,0
214,1417521463,425994516,2,400,401,1981,20377002,1
214,1417521463,432994426,1,400,399,1520,15676002,0
215,1417521463,440994323,51,400,400,1508,20707002,1
215,1417521463,445994258,50,400,400,1507,20340002,0
215,1417521463,445994258,52,400,399,1177,13520002,0
215,1417521463,446994246,2,400,401,1986,20327002,0
215,1417521463,452994168,1,400,399,1520,15454002,0
216,1417521463,461994052,50,400,400,1507,20298002,0
216,1417521463,466993988,51,400,400,1508,20191002,0
216,1417521463,466993988,52,400,399,1173,13823002,0
216,1417521463,466993988,2,400,401,1986,20304002,0
216,1417521463,472993911,1,400,399,1520,15415002,0
217,1417521463,481993795,50,400,399,1505,20406002,0
217,1417521463,486993731,51,400,399,1489,20568002,2
217,1417521463,486993731,52,400,399,1173,13728002,0
217,1417521463,486993731,2,400,401,1986,20305002,0
217,1417521463,493993640,1,400,399,1520,15345002,0
218,1417521463,502993525,51,400,399,1489,20441002,0
218,1417521463,507993460,50,400,399,1505,19947002,0
218,1417521463,507993460,52,400,399,1173,13912002,0
218,1417521463,507993460,2,400,403,2019,11497002,0
218,1417521463,514993370,1,400,399,1520,15339002,0
219,1417521463,523993254,51,400,399,1489,20692002,1
219,1417521463,528993190,50,400,399,1505,20681002,0
219,1417521463,528993190,52,400,399,1173,14362002,0
219,1417521463,528993190,2,400,402,2019,20358002,1
219,1417521463,534993113,1,400,399,1520,15138002,0
220,1417521463,543992997,51,400,399,1488,20386002,0
220,1417521463,549992920,52,400,399,1168,14464002,0
220,1417521463,549992920,50,400,400,1520,20716002,1
220,1417521463,549992920,2,400,401,2019,20305002,0
220,1417521463,554992855,1,400,399,1520,14905002,0
221,1417521463,563992739,51,400,399,1488,20739002,1
221,1417521463,570992649,50,400,400,1520,20635002,0
221,1417521463,570992649,52,400,399,1168,20855002,1
221,1417521463,570992649,2,400,399,2003,11257002,0
221,1417521463,575992585,1,400,399,1520,14690002,0
222,1417521463,584992469,51,400,399,1488,20662000,0
222,1417521463,590992392,52,400,399,1168,15180000,0
222,1417521463,590992392,50,400,400,1520,20542000,0
222,1417521463,590992392,2,400,399,2003,11356000,0
222,1417521463,595992327,1,400,399,1520,14185000,0
223,1417521463,604992211,50,400,401,1533,20975000,1
223,1417521463,611992121,52,400,398,1156,15490000,0
223,1417521463,611992121,51,400,399,1488,15492000,0
223,1417521463,611992121,2,400,399,2003,11449000,0
223,1417521463,615992070,1,400,399,1520,13684000,0
224,1417521463,624991954,51,400,399,1485,20991000,2
224,1417521463,632991851,52,400,399,1156,21015000,2
224,1417521463,632991851,50,400,401,1533,15855000,0
224,1417521463,632991851,2,400,399,2003,11487000,0
224,1417521463,636991799,1,400,399,1520,13419000,0
225,1417521463,645991684,52,400,399,1156,21011000,1
225,1417521463,652991593,50,400,401,1533,20757000,3
225,1417521463,652991593,51,400,399,1485,20874000,1
225,1417521463,652991593,2,400,400,2015,11539000,0
225,1417521463,656991542,1,400,399,1520,12863000,0
226,1417521463,665991426,50,400,401,1533,20445000,0
226,1417521463,673991323,52,400,399,1155,20774000,1
226,1417521463,673991323,51,400,399,1485,20603000,0
226,1417521463,673991323,2,400,400,2015,11599000,0
226,1417521463,676991284,1,400,399,1520,12625000,0
227,1417521463,685991169,50,400,402,1560,20503000,0
227,1417521463,693991066,51,400,399,1491,20652000,1
227,1417521463,693991066,52,400,399,1155,16861000,0
227,1417521463,693991066,2,400,400,2015,11667000,0
227,1417521463,697991014,1,400,399,1520,12389000,0
228,1417521463,706990898,51,400,399,1491,20271000,0
228,1417521463,714990795,50,400,401,1560,20357000,0
228,1417521463,714990795,52,400,399,1155,16984000,0
228,1417521463,714990795,2,400,399,2012,11700000,0
228,1417521463,717990757,1,400,399,1520,12385000,0
229,1417521463,726990641,50,400,401,1560,20578000,1
229,1417521463,734990538,51,400,399,1491,17120000,0
229,1417521463,734990538,52,400,399,1155,17023000,0
229,1417521463,734990538,2,400,399,2012,11897000,0
229,1417521463,738990486,1,400,399,1520,12373000,0
230,1417521463,747990370,50,400,401,1575,20389000,0
230,1417521463,755990267,51,400,401,1513,20682000,1
230,1417521463,755990267,52,400,399,1155,17326000,0
230,1417521463,755990267,2,400,399,2012,11921000,0
230,1417521463,758990229,1,400,399,1520,12536000,0
231,1417521463,767990113,50,400,401,1575,20117000,0
231,1417521463,775990010,51,400,401,1513,20240000,0
231,1417521463,775990010,52,400,399,1155,17128000,0
231,1417521463,775990010,2,400,396,1979,11928000,0
231,1417521463,779989958,1,400,399,1520,12486000,0
232,1417521463,788989843,50,400,401,1575,20113000,0
232,1417521463,796989740,51,400,401,1513,20192000,0
232,1417521463,796989740,52,400,399,1155,17082000,0
232,1417521463,796989740,2,400,397,1979,11812000,0
232,1417521463,799989701,1,400,399,1520,12511000,0
233,1417521463,808989585,50,400,400,1574,20107000,0
233,1417521463,816989482,51,400,401,1513,20401000,0
233,1417521463,816989482,52,400,399,1163,17089000,0
233,1417521463,816989482,2,400,398,1979,11733000,0
233,1417521463,820989431,1,400,399,1520,12556000,0
234,1417521463,829989315,50,400,400,1574,20146000,0
234,1417521463,837989212,51,400,399,1500,20459000,0
234,1417521463,837989212,52,400,399,1163,17184000,0
234,1417521463,837989212,2,400,399,1979,11657000,0
234,1417521463,840989173,1,400,399,1520,12616000,0
235,1417521463,849989057,50,400,400,1574,20248000,0
235,1417521463,857988954,51,400,399,1500,20413000,0
235,1417521463,857988954,52,400,399,1163,17208000,0
235,1417521463,857988954,2,400,398,1965,11561000,0
235,1417521463,861988903,1,400,394,1463,12630000,0
236,1417521463,870988787,50,400,400,1574,20053000,0
236,1417521463,878988684,51,400,399,1500,20865000,1
236,1417521463,878988684,52,400,399,1158,20910000,1
236,1417521463,878988684,2,400,399,1965,11490000,0
236,1417521463,881988645,1,400,395,1463,12714000,0
237,1417521463,890988529,50,400,400,1581,19919001,0
237,1417521463,898988426,52,400,399,1158,20547001,0
237,1417521463,898988426,51,400,399,1499,17465000,0
237,1417521463,898988426,2,400,399,1965,11379000,0
237,1417521463,902988375,1,400,396,1463,12733000,0
238,1417521463,911988259,50,400,400,1581,20065000,0
238,1417521463,919988156,51,400,399,1499,17546000,0
238,1417521463,919988156,52,400,399,1158,20671000,0
238,1417521463,919988156,2,400,397,1940,11296000,0
238,1417521463,922988117,1,400,397,1463,12651000,0
239,1417521463,931988001,50,400,400,1581,20105001,0
239,1417521463,939987898,52,400,399,1158,17668000,0
239,1417521463,939987898,51,400,399,1499,17730000,0
239,1417521463,940987886,2,400,398,1940,11408000,0
239,1417521463,943987847,1,400,398,1463,12669001,0
240,1417521463,952987731,50,400,399,1578,20070001,0
240,1417521463,960987628,52,400,398,1146,20660001,1
240,1417521463,960987628,51,400,399,1503,17782001,0
240,1417521463,960987628,2,400,399,1940,11373001,0
240,1417521463,963987589,1,400,399,1463,12665000,0
241,1417521463,973987461,50,400,399,1578,20077001,0
241,1417521463,981987358,51,400,399,1503,20869001,2
241,1417521463,981987358,52,400,399,1146,17870001,0
241,1417521463,981987358,2,400,399,1936,11335001,0
241,1417521463,984987319,1,400,399,1463,12745001,0
242,1417521463,993987203,50,400,399,1578,20162001,0
242,1417521464,1999975,52,400,399,1146,20831001,1
242,1417521464,1999975,51,400,399,1503,17811001,0
242,1417521464,1999975,2,400,399,1936,11292001,0
242,1417521464,5999923,1,400,399,1463,12760001,0
243,1417521464,14999807,50,400,399,1579,19816001,0
243,1417521464,22999704,52,400,399,1150,17861001,0
243,1417521464,22999704,51,400,399,1503,17923001,0
243,1417521464,22999704,2,400,399,1936,11203001,0
243,1417521464,25999666,1,400,399,1463,12925001,0
244,1417521464,35999537,50,400,399,1579,19855001,0
244,1417521464,42999447,52,400,399,1150,20722001,1
244,1417521464,42999447,51,400,396,1470,20905001,1
244,1417521464,42999447,2,400,399,1936,11105001,0
244,1417521464,46999395,1,400,399,1463,12952001,0
245,1417521464,55999280,50,400,399,1579,19790001,0
245,1417521464,63999177,52,400,399,1150,20544001,0
245,1417521464,63999177,51,400,397,1470,17999001,0
245,1417521464,63999177,2,400,401,1957,11111001,0
245,1417521464,66999138,1,400,399,1463,13212001,0
246,1417521464,76999009,50,400,399,1579,20026001,0
246,1417521464,83998919,52,400,400,1169,20267001,0
246,1417521464,83998919,51,400,398,1470,17957001,0
246,1417521464,83998919,2,400,401,1957,11096001,0
246,1417521464,87998868,1,400,399,1463,13261001,0
247,1417521464,97998739,50,400,401,1600,20137001,0
247,1417521464,104998649,52,400,400,1169,20203001,0
247,1417521464,104998649,51,400,399,1476,17921001,0
247,1417521464,104998649,2,400,401,1957,11041001,0
247,1417521464,107998610,1,400,399,1463,13334001,0
248,1417521464,117998481,50,400,401,1600,20270001,0
248,1417521464,124998391,52,400,400,1169,20348001,0
248,1417521464,124998391,51,400,399,1476,17853001,0
248,1417521464,125998378,2,400,399,1944,10936001,0
248,1417521464,128998340,1,400,399,1463,13445001,0
249,1417521464,138998211,50,400,401,1600,19992001,0
249,1417521464,145998121,52,400,400,1169,20519001,0
249,1417521464,145998121,51,400,399,1476,17853001,0
249,1417521464,145998121,2,400,399,1944,10868001,0
249,1417521464,149998069,1,400,407,1553,13577001,0
250,1417521464,159997941,50,400,402,1625,20101001,0
250,1417521464,166997850,52,400,401,1183,17875001,0
250,1417521464,166997850,51,400,401,1501,17887001,0
250,1417521464,166997850,2,400,399,1944,10801001,0
250,1417521464,169997812,1,400,406,1553,13761001,0
251,1417521464,179997683,50,400,401,1625,20031001,0
251,1417521464,186997593,51,400,401,1501,21185001,1
251,1417521464,186997593,52,400,401,1183,17908001,0
251,1417521464,186997593,2,400,396,1910,10785001,0
251,1417521464,190997541,1,400,405,1553,13788001,0
252,1417521464,200997413,50,400,401,1625,19578001,0
252,1417521464,207997323,51,400,401,1501,20633001,0
252,1417521464,207997323,52,400,401,1183,18010001,0
252,1417521464,207997323,2,400,397,1910,10804001,0
252,1417521464,211997271,1,400,404,1553,13960001,0
253,1417521464,221997142,50,400,401,1643,19670001,0
253,1417521464,228997052,51,400,401,1501,20798001,0
253,1417521464,228997052,52,400,401,1196,17963001,0
253,1417521464,228997052,2,400,398,1910,10832001,0
253,1417521464,231997014,1,400,403,1553,13881001,0
254,1417521464,242996872,50,400,401,1643,19718001,0
254,1417521464,248996795,51,400,399,1474,20967001,1
254,1417521464,249996782,52,400,401,1196,21032001,1
254,1417521464,249996782,2,400,399,1910,10846001,0
254,1417521464,252996743,1,400,402,1553,14026001,0
255,1417521464,262996615,50,400,401,1643,19335001,0
255,1417521464,269996524,52,400,401,1196,20740001,1
255,1417521464,269996524,51,400,399,1474,17925001,0
255,1417521464,269996524,2,400,397,1885,10882001,0
255,1417521464,273996473,1,400,401,1553,13981001,0
256,1417521464,283996344,50,400,401,1643,19408001,0
256,1417521464,289996267,52,400,402,1216,20607001,0
256,1417521464,289996267,51,400,399,1474,17833001,0
256,1417521464,289996267,2,400,398,1885,10813001,0
256,1417521464,293996215,1,400,401,1553,14217001,0
257,1417521464,304996074,50,400,401,1651,19515001,0
257,1417521464,310995997,52,400,401,1216,20450001,0
257,1417521464,310995997,51,400,399,1479,17574001,0
257,1417521464,310995997,2,400,399,1885,10834001,0
257,1417521464,314995945,1,400,401,1553,14369001,0
258,1417521464,324995816,50,400,401,1651,19494001,0
258,1417521464,330995739,52,400,401,1216,20486002,0
258,1417521464,330995739,51,400,399,1479,17613002,0
258,1417521464,330995739,2,400,396,1848,10768001,0
258,1417521464,335995675,1,400,401,1553,14633002,0
259,1417521464,345995546,50,400,401,1651,19590002,0
259,1417521464,351995469,52,400,401,1216,20646001,0
259,1417521464,351995469,51,400,399,1479,17643002,0
259,1417521464,351995469,2,400,397,1848,10646001,0
259,1417521464,355995417,1,400,401,1553,14751001,0
260,1417521464,366995276,50,400,399,1640,19270002,0
260,1417521464,371995211,52,400,401,1231,20421002,0
260,1417521464,371995211,51,400,399,1487,17352002,0
260,1417521464,372995198,2,400,398,1848,10619002,0
260,1417521464,376995147,1,400,401,1553,14835002,0
261,1417521464,386995018,50,400,399,1640,20564002,1
261,1417521464,392994941,52,400,401,1231,20593002,1
261,1417521464,392994941,51,400,399,1487,20675002,1
261,1417521464,392994941,2,400,396,1821,10491002,0
261,1417521464,397994876,1,400,401,1553,14960002,0
262,1417521464,407994748,50,400,399,1640,19356002,0
262,1417521464,412994683,52,400,401,1231,20381002,0
262,1417521464,412994683,51,400,399,1487,17197002,0
262,1417521464,412994683,2,400,397,1821,10402002,0
262,1417521464,417994619,1,400,406,1614,15083002,0
263,1417521464,427994490,50,400,399,1634,19328002,0
263,1417521464,433994413,52,400,401,1231,20303002,0
263,1417521464,433994413,51,400,399,1487,17089002,0
263,1417521464,433994413,2,400,398,1821,10309002,0
263,1417521464,438994349,1,400,405,1614,15156002,0
264,1417521464,448994220,50,400,399,1634,19359002,0
264,1417521464,453994155,52,400,401,1231,20368002,0
264,1417521464,453994155,51,400,398,1468,17130002,0
264,1417521464,455994130,2,400,399,1821,10340002,0
264,1417521464,458994091,1,400,404,1614,15267002,0
265,1417521464,469993949,50,400,399,1634,19321002,0
265,1417521464,474993885,52,400,401,1231,20419002,0
265,1417521464,474993885,51,400,399,1468,17162002,0
265,1417521464,475993872,2,400,398,1807,10239002,0
265,1417521464,479993821,1,400,403,1614,15326002,0
266,1417521464,489993692,50,400,399,1634,19366002,0
266,1417521464,494993628,52,400,401,1248,20547002,0
266,1417521464,494993628,51,400,399,1468,17167002,0
266,1417521464,494993628,2,400,399,1807,10175002,0
266,1417521464,499993563,1,400,402,1614,15597002,0
267,1417521464,510993422,50,400,399,1638,19119002,0
267,1417521464,515993357,52,400,401,1248,17158002,0
267,1417521464,515993357,51,400,401,1494,20952002,2
267,1417521464,515993357,2,400,399,1807,10098002,0
267,1417521464,520993293,1,400,401,1614,15516002,0
268,1417521464,530993164,50,400,399,1638,19079002,0
268,1417521464,535993100,52,400,401,1248,17285002,0
268,1417521464,537993074,51,400,401,1494,17285002,0
268,1417521464,537993074,2,400,397,1780,9974002,0
268,1417521464,540993035,1,400,401,1614,15580002,0
269,1417521464,552992881,50,400,399,1638,18951002,0
269,1417521464,556992829,51,400,401,1494,17435002,0
269,1417521464,559992791,52,400,401,1248,17435002,0
269,1417521464,559992791,2,400,398,1780,9920002,0
269,1417521464,561992765,1,400,401,1614,15628002,0
270,1417521464,573992611,50,400,401,1658,20731000,1
270,1417521464,577992559,52,400,402,1277,17528000,0
270,1417521464,579992533,51,400,401,1497,17501000,0
270,1417521464,579992533,2,400,399,1780,9869002,0
270,1417521464,582992495,1,400,401,1614,15624002,0
271,1417521464,593992353,50,400,401,1658,18755000,0
271,1417521464,598992289,51,400,401,1497,17638000,0
271,1417521464,600992263,52,400,401,1277,17638000,0
271,1417521464,600992263,2,400,398,1765,9860000,0
271,1417521464,603992224,1,400,401,1614,15697000,0
272,1417521464,614992083,50,400,401,1658,18751000,0
272,1417521464,619992018,52,400,401,1277,17713000,0
272,1417521464,621991993,51,400,401,1497,17694000,0
272,1417521464,621991993,2,400,399,1765,9719000,0
272,1417521464,623991967,1,400,401,1614,15687000,0
273,1417521464,634991825,50,400,403,1694,18588000,0
273,1417521464,639991761,52,400,401,1294,17852000,0
273,1417521464,641991735,51,400,401,1497,17861000,0
273,1417521464,641991735,2,400,399,1765,9567000,0
273,1417521464,644991696,1,400,401,1614,15685000,0
274,1417521464,655991555,50,400,402,1694,18573000,0
274,1417521464,660991490,51,400,399,1485,20693000,1
274,1417521464,662991465,52,400,401,1294,18116000,0
274,1417521464,662991465,2,400,399,1765,9467000,0
274,1417521464,664991439,1,400,401,1614,15677000,0
275,1417521464,675991297,50,400,401,1694,18512000,0
275,1417521464,680991233,51,400,399,1485,20770000,1
275,1417521464,682991207,52,400,401,1294,18306000,0
275,1417521464,683991194,2,400,399,1763,9397000,0
275,1417521464,685991169,1,400,401,1614,15520000,0
276,1417521464,696991027,50,400,401,1694,18651000,0
276,1417521464,701990963,51,400,399,1485,20203000,0
276,1417521464,703990937,52,400,401,1311,18545000,0
276,1417521464,703990937,2,400,399,1763,9323000,0
276,1417521464,705990911,1,400,401,1614,15462000,0
277,1417521464,717990757,50,400,402,1718,18684000,0
277,1417521464,721990705,51,400,401,1511,20434000,0
277,1417521464,724990666,52,400,401,1311,20726000,1
277,1417521464,724990666,2,400,399,1763,9268000,0
277,1417521464,725990654,1,400,401,1614,15399000,0
278,1417521464,737990499,50,400,401,1718,18583000,0
278,1417521464,742990435,51,400,401,1511,20350000,0
278,1417521464,744990409,52,400,401,1311,18743000,0
278,1417521464,744990409,2,400,398,1751,9192000,0
278,1417521464,746990383,1,400,401,1614,15366000,0
279,1417521464,757990242,50,400,401,1718,18576000,0
279,1417521464,762990177,51,400,401,1511,20356000,0
279,1417521464,765990139,52,400,401,1311,18834000,0
279,1417521464,765990139,2,400,399,1751,9173000,0
279,1417521464,765990139,1,400,401,1614,15311000,0
280,1417521464,778989971,50,400,401,1718,18575000,0
280,1417521464,783989907,51,400,400,1506,19022000,0
280,1417521464,786989868,52,400,402,1339,19043000,0
280,1417521464,786989868,2,400,399,1751,9164000,0
280,1417521464,786989868,1,400,401,1614,15242000,0
281,1417521464,798989714,50,400,401,1718,18459000,0
281,1417521464,803989649,51,400,400,1506,20797000,1
281,1417521464,806989611,52,400,401,1339,20816000,1
281,1417521464,806989611,2,400,398,1738,9056000,0
281,1417521464,806989611,1,400,401,1614,15261000,0
282,1417521464,819989443,50,400,401,1718,18135000,0
282,1417521464,824989379,51,400,400,1506,20555000,0
282,1417521464,827989340,52,400,401,1339,19366000,0
282,1417521464,827989340,2,400,399,1738,9013000,0
282,1417521464,827989340,1,400,401,1614,15263000,0
283,1417521464,839989186,50,400,401,1721,18007000,0
283,1417521464,844989122,51,400,400,1506,20787000,1
283,1417521464,847989083,52,400,401,1354,19524000,0
283,1417521464,847989083,2,400,399,1738,8936000,0
283,1417521464,848989070,1,400,401,1614,15300000,0
284,1417521464,860988916,50,400,401,1721,17941000,0
284,1417521464,865988851,51,400,400,1511,19622000,0
284,1417521464,868988813,52,400,401,1354,20782000,2
284,1417521464,868988813,2,400,399,1738,8854000,0
284,1417521464,868988813,1,400,401,1614,15339000,0
285,1417521464,880988658,50,400,401,1721,17784000,0
285,1417521464,885988594,51,400,400,1511,19708000,0
285,1417521464,889988542,52,400,401,1354,20574000,0
285,1417521464,889988542,2,400,397,1712,8754000,0
285,1417521464,889988542,1,400,401,1614,15341000,0
286,1417521464,901988388,50,400,401,1721,17724000,0
286,1417521464,906988323,52,400,401,1366,19883000,0
286,1417521464,909988285,51,400,400,1511,20058000,0
286,1417521464,909988285,2,400,398,1712,8706000,0
286,1417521464,909988285,1,400,401,1614,15373000,0
287,1417521464,921988130,50,400,399,1710,17771001,0
287,1417521464,927988053,51,400,401,1530,20057001,0
287,1417521464,930988014,52,400,401,1366,20960001,2
287,1417521464,930988014,2,400,399,1712,8708000,0
287,1417521464,930988014,1,400,401,1614,15202000,0
288,1417521464,942987860,50,400,399,1710,17878001,0
288,1417521464,947987795,51,400,401,1530,20915000,1
288,1417521464,950987757,2,400,397,1687,20892000,1
288,1417521464,951987744,52,400,401,1366,20696001,0
288,1417521464,951987744,1,400,401,1614,15048000,0
289,1417521464,963987589,50,400,399,1710,17830001,0
289,1417521464,968987525,51,400,401,1530,20835001,1
289,1417521464,971987486,2,400,398,1687,20633001,1
289,1417521464,971987486,52,400,401,1366,20743001,0
289,1417521464,971987486,1,400,407,1689,14906000,0
290,1417521464,983987332,50,400,399,1714,17834001,0
290,1417521464,989987255,51,400,401,1532,20520001,0
290,1417521464,992987216,2,400,399,1687,20337001,0
290,1417521464,992987216,52,400,402,1393,9002001,0
290,1417521464,992987216,1,400,406,1689,14789001,0
291,1417521465,3999949,50,400,399,1714,17770001,0
291,1417521465,9999872,2,400,399,1677,20626001,1
291,1417521465,12999833,51,400,401,1532,20492001,0
291,1417521465,12999833,52,400,401,1393,9138001,0
291,1417521465,12999833,1,400,405,1689,14667001,0
292,1417521465,24999679,50,400,399,1714,20771001,1
292,1417521465,30999601,2,400,399,1677,20461001,0
292,1417521465,33999563,51,400,401,1532,20541001,0
292,1417521465,33999563,52,400,401,1393,9100001,0
292,1417521465,33999563,1,400,404,1689,14552001,0
293,1417521465,45999408,50,400,401,1740,17855001,0
293,1417521465,50999344,2,400,399,1677,20457001,0
293,1417521465,53999305,51,400,401,1532,20529001,0
293,1417521465,53999305,52,400,403,1424,8955001,0
293,1417521465,53999305,1,400,403,1689,14517001,0
294,1417521465,65999151,50,400,401,1740,17837001,0
294,1417521465,71999074,2,400,399,1677,20206001,0
294,1417521465,74999035,51,400,402,1555,20593001,0
294,1417521465,74999035,52,400,402,1424,8891001,0
294,1417521465,74999035,1,400,402,1689,14491001,0
295,1417521465,86998880,50,400,401,1740,17835001,0
295,1417521465,91998816,2,400,399,1674,20193001,0
295,1417521465,94998777,51,400,401,1555,20507001,0
295,1417521465,94998777,52,400,401,1424,8964001,0
295,1417521465,94998777,1,400,401,1689,14471001,0
296,1417521465,106998623,50,400,401,1740,17752001,0
296,1417521465,112998546,2,400,399,1674,20156001,0
296,1417521465,115998507,51,400,401,1555,20459001,0
296,1417521465,115998507,52,400,403,1456,9011001,0
296,1417521465,115998507,1,400,401,1689,14473001,0
297,1417521465,127998353,50,400,402,1761,17924001,0
297,1417521465,133998275,2,400,399,1674,19989001,0
297,1417521465,135998250,51,400,401,1569,20478001,0
297,1417521465,135998250,52,400,402,1456,9080001,0
297,1417521465,135998250,1,400,401,1689,14340001,0
298,1417521465,147998095,50,400,401,1761,18009001,0
298,1417521465,153998018,2,400,399,1672,19897001,0
298,1417521465,156997979,51,400,401,1569,20397001,0
298,1417521465,156997979,52,400,401,1456,9150001,0
298,1417521465,156997979,1,400,401,1689,14204001,0
299,1417521465,168997825,50,400,401,1761,18081001,0
299,1417521465,174997747,2,400,399,1672,19798001,0
299,1417521465,176997722,51,400,401,1569,20335001,0
299,1417521465,176997722,52,400,401,1456,9173001,0
299,1417521465,176997722,1,400,401,1689,14151001,0
300,1417521465,188997567,50,400,401,1770,18167001,0
300,1417521465,194997490,2,400,399,1672,19719001,0
300,1417521465,197997451,51,400,400,1563,20260001,0
300,1417521465,197997451,52,400,403,1493,9136001,0
300,1417521465,197997451,1,400,401,1689,14131001,0
301,1417521465,209997297,50,400,401,1770,18288001,0
301,1417521465,216997207,2,400,399,1669,19698001,0
301,1417521465,217997194,51,400,400,1563,20388001,0
301,1417521465,217997194,52,400,402,1493,9164001,0
301,1417521465,218997181,1,400,401,1689,14133001,0
302,1417521465,230997026,50,400,401,1770,18371001,0
302,1417521465,236996949,2,400,399,1669,19780001,0
302,1417521465,238996923,51,400,400,1563,20354001,0
302,1417521465,238996923,52,400,401,1493,9090001,0
302,1417521465,238996923,1,400,412,1825,14148001,0
303,1417521465,250996769,50,400,401,1781,18445001,0
303,1417521465,256996692,2,400,399,1669,19793001,0
303,1417521465,258996666,51,400,400,1563,20451001,0
303,1417521465,258996666,52,400,402,1516,8958001,0
303,1417521465,258996666,1,400,410,1825,14174001,0
304,1417521465,270996512,50,400,401,1781,18490001,0
304,1417521465,277996421,2,400,399,1669,19785001,0
304,1417521465,279996396,51,400,401,1581,20350001,0
304,1417521465,279996396,52,400,401,1516,8792001,0
304,1417521465,279996396,1,400,409,1825,14136001,0
305,1417521465,291996241,50,400,401,1781,18365001,0
305,1417521465,297996164,2,400,398,1650,19803001,0
305,1417521465,299996138,51,400,401,1581,20244001,0
305,1417521465,299996138,52,400,401,1516,8611001,0
305,1417521465,299996138,1,400,408,1825,14324001,0
306,1417521465,312995971,50,400,401,1781,18284001,0
306,1417521465,317995906,2,400,399,1650,19974001,0
306,1417521465,320995868,51,400,401,1581,20297001,0
306,1417521465,320995868,52,400,401,1527,8425001,0
306,1417521465,320995868,1,400,407,1825,14563001,0
307,1417521465,332995713,50,400,401,1781,18185002,0
307,1417521465,338995636,2,400,399,1650,20072002,0
307,1417521465,340995610,51,400,401,1586,20564001,1
307,1417521465,340995610,52,400,401,1527,20721002,1
307,1417521465,340995610,1,400,406,1825,14731001,0
308,1417521465,353995443,50,400,401,1781,18118002,0
308,1417521465,358995379,2,400,397,1624,20195001,0
308,1417521465,361995340,51,400,401,1586,20684002,1
308,1417521465,361995340,52,400,401,1527,8506002,0
308,1417521465,361995340,1,400,405,1825,14887001,0
309,1417521465,373995185,50,400,401,1781,18090002,0
309,1417521465,379995108,2,400,398,1624,20273001,0
309,1417521465,381995082,51,400,401,1586,20660002,0
309,1417521465,381995082,52,400,401,1527,8368002,0
309,1417521465,381995082,1,400,404,1825,15048002,0
310,1417521465,394994915,50,400,401,1789,18084002,0
310,1417521465,399994851,2,400,399,1624,20283002,0
310,1417521465,402994812,51,400,400,1584,20680002,0
310,1417521465,402994812,52,400,402,1552,8290002,0
310,1417521465,402994812,1,400,403,1825,15078002,0
311,1417521465,414994658,50,400,401,1789,17978002,0
311,1417521465,420994580,2,400,398,1609,20343002,0
311,1417521465,422994555,51,400,400,1584,20811002,1
311,1417521465,422994555,52,400,401,1552,8330002,0
311,1417521465,423994542,1,400,402,1825,15142002,0
312,1417521465,435994387,50,400,401,1789,17866002,0
312,1417521465,440994323,2,400,399,1609,20133002,0
312,1417521465,443994284,51,400,400,1584,20376002,0
312,1417521465,443994284,52,400,401,1552,8318002,0
312,1417521465,443994284,1,400,401,1825,15235002,0
313,1417521465,456994117,50,400,401,1799,17872002,0
313,1417521465,461994052,2,400,399,1609,20064002,0
313,1417521465,463994027,51,400,400,1584,20410002,0
313,1417521465,463994027,52,400,402,1574,8307002,0
313,1417521465,464994014,1,400,401,1825,15212002,0
314,1417521465,476993859,50,400,401,1799,17834002,0
314,1417521465,481993795,2,400,399,1609,20045002,0
314,1417521465,484993756,51,400,401,1601,20564002,0
314,1417521465,484993756,52,400,401,1574,8389002,0
314,1417521465,484993756,1,400,401,1825,15293002,0
315,1417521465,497993589,50,400,401,1799,17774002,0
315,1417521465,502993525,2,400,398,1590,20109002,0
315,1417521465,504993499,51,400,401,1601,20427002,0
315,1417521465,505993486,52,400,401,1574,8493002,0
315,1417521465,505993486,1,400,390,1713,15465002,0
316,1417521465,517993332,50,400,401,1799,17740002,0
316,1417521465,522993267,2,400,399,1590,19928002,0
316,1417521465,525993229,51,400,401,1601,20378002,0
316,1417521465,525993229,52,400,402,1601,8391002,0
316,1417521465,525993229,1,400,391,1713,15505002,0
317,1417521465,538993061,50,400,401,1810,17685002,0
317,1417521465,543992997,2,400,399,1590,19901002,0
317,1417521465,546992958,51,400,401,1611,20469002,0
317,1417521465,546992958,52,400,401,1601,8396002,0
317,1417521465,546992958,1,400,392,1713,15530002,0
318,1417521465,558992804,50,400,401,1810,17704002,0
318,1417521465,563992739,2,400,398,1577,20017002,0
318,1417521465,566992701,51,400,401,1611,20504002,0
318,1417521465,566992701,52,400,401,1601,8348000,0
318,1417521465,566992701,1,400,393,1713,15611002,0
319,1417521465,579992533,50,400,401,1810,17599000,0
319,1417521465,584992469,2,400,399,1577,19767002,0
319,1417521465,587992430,51,400,401,1611,20419000,0
319,1417521465,587992430,52,400,401,1601,20642000,1
319,1417521465,587992430,1,400,394,1713,15654000,0
320,1417521465,600992263,50,400,401,1828,17642000,0
320,1417521465,604992211,2,400,399,1577,19690000,0
320,1417521465,608992160,52,400,403,1636,8177000,0
320,1417521465,608992160,51,400,401,1622,20409000,0
320,1417521465,608992160,1,400,395,1713,15687000,0
321,1417521465,621991993,50,400,401,1828,17643000,0
321,1417521465,626991928,2,400,399,1576,19703000,0
321,1417521465,629991890,51,400,401,1622,20758000,0
321,1417521465,629991890,52,400,402,1636,8249000,0
321,1417521465,629991890,1,400,396,1713,15781000,0
322,1417521465,642991722,50,400,401,1828,17615000,0
322,1417521465,646991671,2,400,399,1576,19542000,0
322,1417521465,649991632,51,400,401,1622,20536000,0
322,1417521465,649991632,52,400,401,1636,8364000,0
322,1417521465,649991632,1,400,387,1615,15830000,0
323,1417521465,663991452,50,400,401,1841,17615000,0
323,1417521465,667991400,2,400,399,1576,19527000,0
323,1417521465,670991362,51,400,401,1622,20266000,0
323,1417521465,670991362,52,400,403,1672,8349000,0
323,1417521465,670991362,1,400,388,1615,15956000,0
324,1417521465,683991194,50,400,401,1841,17605000,0
324,1417521465,687991143,2,400,399,1576,19541000,0
324,1417521465,690991104,51,400,401,1638,20282000,0
324,1417521465,690991104,52,400,402,1672,8267000,0
324,1417521465,690991104,1,400,389,1615,15897000,0
325,1417521465,703990937,50,400,401,1841,17597000,0
325,1417521465,708990872,2,400,399,1567,19714000,0
325,1417521465,711990834,51,400,401,1638,20214000,0
325,1417521465,711990834,52,400,401,1672,8325000,0
325,1417521465,711990834,1,400,390,1615,15895000,0
326,1417521465,724990666,50,400,401,1841,17604000,0
326,1417521465,728990615,2,400,399,1567,16710000,0
326,1417521465,731990576,51,400,401,1638,20214000,0
326,1417521465,731990576,52,400,403,1703,8400000,0
326,1417521465,731990576,1,400,391,1615,15897000,0
327,1417521465,745990396,50,400,403,1879,20750000,1
327,1417521465,749990345,2,400,399,1567,19750000,0
327,1417521465,752990306,51,400,400,1635,20127000,0
327,1417521465,752990306,52,400,402,1703,8440000,0
327,1417521465,752990306,1,400,392,1615,15888000,0
328,1417521465,765990139,50,400,402,1879,17826000,0
328,1417521465,770990074,2,400,399,1558,19645000,0
328,1417521465,772990049,51,400,400,1635,19973000,0
328,1417521465,772990049,52,400,401,1703,8344000,0
328,1417521465,772990049,1,400,393,1615,15822000,0
329,1417521465,786989868,50,400,401,1879,18012000,0
329,1417521465,790989817,2,400,399,1558,19620000,0
329,1417521465,793989778,51,400,400,1635,19914000,0
329,1417521465,793989778,52,400,401,1703,8326000,0
329,1417521465,793989778,1,400,386,1535,15729000,0
330,1417521465,806989611,50,400,402,1903,18196000,0
330,1417521465,811989546,2,400,399,1558,19635000,0
330,1417521465,813989521,51,400,400,1644,19919000,0
330,1417521465,813989521,52,400,402,1731,8252000,0
330,1417521465,813989521,1,400,387,1535,15610000,0
331,1417521465,827989340,50,400,401,1903,18398000,0
331,1417521465,832989276,2,400,399,1558,19760000,0
331,1417521465,834989250,51,400,400,1644,19923000,0
331,1417521465,834989250,52,400,401,1731,8265000,0
331,1417521465,834989250,1,400,388,1535,15596000,0
332,1417521465,847989083,50,400,401,1903,18344000,0
332,1417521465,852989019,2,400,398,1540,19894000,0
332,1417521465,854988993,51,400,400,1644,19946000,0
332,1417521465,854988993,52,400,401,1731,8090000,0
332,1417521465,855988980,1,400,389,1535,15633000,0
333,1417521465,868988813,50,400,401,1913,18380000,0
333,1417521465,873988748,2,400,399,1540,19993000,0
333,1417521465,875988722,51,400,400,1644,19993000,0
333,1417521465,875988722,52,400,401,1746,7940000,0
333,1417521465,875988722,1,400,390,1535,15694000,0
334,1417521465,889988542,50,400,401,1913,18284000,0
334,1417521465,893988491,2,400,399,1540,20127000,0
334,1417521465,896988452,51,400,400,1646,20086000,0
334,1417521465,896988452,52,400,401,1746,7786000,0
334,1417521465,896988452,1,400,391,1535,15708000,0
335,1417521465,909988285,50,400,401,1913,18223001,0
335,1417521465,914988220,2,400,396,1509,20298000,0
335,1417521465,916988195,51,400,400,1646,20187001,0
335,1417521465,916988195,52,400,401,1746,7674001,0
335,1417521465,916988195,1,400,392,1535,15858001,0
336,1417521465,930988014,50,400,401,1913,18180000,0
336,1417521465,934987963,2,400,397,1509,20331000,0
336,1417521465,937987924,51,400,400,1646,20822001,1
336,1417521465,937987924,52,400,402,1768,7524001,0
336,1417521465,937987924,1,400,393,1535,15977000,0
337,1417521465,951987744,50,400,399,1892,18070000,0
337,1417521465,955987692,2,400,398,1509,20289000,0
337,1417521465,957987667,51,400,400,1655,20374001,0
337,1417521465,958987654,52,400,401,1768,7374001,0
337,1417521465,958987654,1,400,394,1535,16143000,0
338,1417521465,971987486,50,400,399,1892,18161001,0
338,1417521465,976987422,2,400,396,1487,20294000,0
338,1417521465,978987396,51,400,400,1655,20866001,1
338,1417521465,978987396,52,400,401,1768,20787001,1
338,1417521465,978987396,1,400,395,1535,16068001,0
339,1417521465,992987216,50,400,399,1892,18041001,0
339,1417521465,996987165,2,400,397,1487,20281001,0
339,1417521466,0,51,400,400,1655,20320001,0
339,1417521466,0,52,400,401,1768,7370001,0
339,1417521466,0,1,400,396,1535,16106001,0
340,1417521466,12999833,50,400,399,1890,18032001,0
340,1417521466,17999769,2,400,398,1487,20197001,0
340,1417521466,19999743,51,400,401,1673,7169001,0
340,1417521466,19999743,52,400,403,1802,7287001,0
340,1417521466,19999743,1,400,397,1535,16250001,0
341,1417521466,33999563,50,400,399,1890,17965001,0
341,1417521466,37999511,2,400,399,1487,20306001,0
341,1417521466,40999473,51,400,401,1673,21033001,2
341,1417521466,40999473,52,400,402,1802,7114001,0
341,1417521466,40999473,1,400,398,1535,16317001,0
342,1417521466,54999292,50,400,399,1890,17902001,0
342,1417521466,58999241,2,400,398,1472,20031001,0
342,1417521466,60999215,51,400,401,1673,20485001,0
342,1417521466,60999215,52,400,401,1802,20779001,2
342,1417521466,61999202,1,400,393,1481,16536001,0
343,1417521466,74999035,50,400,399,1887,17750001,0
343,1417521466,78998983,2,400,399,1472,20059001,0
343,1417521466,81998945,52,400,401,1819,20513001,0
343,1417521466,81998945,51,400,401,1673,20702001,0
343,1417521466,81998945,1,400,394,1481,16661001,0
344,1417521466,95998765,50,400,399,1887,17652001,0
344,1417521466,99998713,2,400,399,1472,20132001,0
344,1417521466,102998674,51,400,402,1701,6954001,0
344,1417521466,102998674,52,400,401,1819,20688001,0
344,1417521466,102998674,1,400,395,1481,16816001,0
345,1417521466,116998494,50,400,399,1887,17672001,0
345,1417521466,119998456,2,400,399,1462,20180001,0
345,1417521466,122998417,51,400,401,1701,20900001,2
345,1417521466,122998417,52,400,401,1819,20562001,0
345,1417521466,122998417,1,400,396,1481,16882001,0
346,1417521466,136998237,50,400,399,1887,17608001,0
346,1417521466,140998185,2,400,399,1462,20008001,0
346,1417521466,143998147,52,400,402,1842,6743001,0
346,1417521466,143998147,51,400,401,1701,20697001,0
346,1417521466,143998147,1,400,397,1481,17020001,0
347,1417521466,157997966,50,400,398,1875,17552001,0
347,1417521466,161997915,2,400,399,1462,19936001,0
347,1417521466,163997889,51,400,402,1722,20769001,0
347,1417521466,163997889,52,400,401,1842,20873001,1
347,1417521466,164997876,1,400,398,1481,17013001,0
348,1417521466,178997696,50,400,399,1875,17659001,0
348,1417521466,181997657,2,400,399,1458,19960001,0
348,1417521466,184997619,52,400,401,1842,20741001,1
348,1417521466,184997619,51,400,401,1722,6867001,0
348,1417521466,184997619,1,400,399,1481,17122001,0
349,1417521466,198997438,50,400,399,1875,17694001,0
349,1417521466,202997387,2,400,399,1458,19848001,0
349,1417521466,204997361,52,400,401,1842,20598001,0
349,1417521466,205997348,51,400,401,1722,6706001,0
349,1417521466,205997348,1,400,399,1481,17236001,0
350,1417521466,220997155,50,400,397,1854,20819001,1
350,1417521466,222997129,2,400,399,1458,19797001,0
350,1417521466,225997091,51,400,401,1737,20752001,1
350,1417521466,225997091,52,400,403,1873,6580001,0
350,1417521466,225997091,1,400,399,1481,17397001,0
351,1417521466,240996898,50,400,398,1854,17829001,0
351,1417521466,243996859,2,400,399,1455,19729001,0
351,1417521466,246996820,51,400,401,1737,20836001,1
351,1417521466,246996820,52,400,402,1873,6471001,0
351,1417521466,246996820,1,400,399,1481,17380001,0
352,1417521466,260996640,50,400,399,1854,17907001,0
352,1417521466,264996589,2,400,399,1455,19788001,0
352,1417521466,266996563,52,400,401,1873,6374001,0
352,1417521466,266996563,51,400,401,1737,20477001,0
352,1417521466,266996563,1,400,399,1481,17390001,0
353,1417521466,281996370,50,400,398,1839,17960001,0
353,1417521466,284996331,2,400,399,1455,19651001,0
353,1417521466,287996293,51,400,401,1737,20426001,0
353,1417521466,287996293,52,400,402,1898,20808001,2
353,1417521466,287996293,1,400,399,1481,17410001,0
354,1417521466,302996100,50,400,399,1839,18052002,0
354,1417521466,305996061,2,400,399,1455,19560001,0
354,1417521466,307996035,51,400,401,1740,20470001,0
354,1417521466,307996035,52,400,401,1898,20366001,0
354,1417521466,307996035,1,400,399,1481,17517001,0
355,1417521466,322995842,50,400,399,1839,20753001,1
355,1417521466,325995803,2,400,398,1438,19492001,0
355,1417521466,327995778,51,400,401,1740,20439001,0
355,1417521466,328995765,52,400,401,1898,5867002,0
355,1417521466,328995765,1,400,393,1420,17439001,0
356,1417521466,343995572,50,400,399,1839,20618001,0
356,1417521466,346995533,2,400,399,1438,19479001,0
356,1417521466,348995507,52,400,405,1952,20794001,2
356,1417521466,348995507,51,400,401,1740,6067001,0
356,1417521466,348995507,1,400,394,1420,17371001,0
357,1417521466,363995314,50,400,397,1814,18526002,0
357,1417521466,367995263,2,400,399,1438,19471002,0
357,1417521466,367995263,52,400,404,1952,20565002,0
357,1417521466,370995224,51,400,401,1745,6072002,0
357,1417521466,370995224,1,400,395,1420,17260002,0
358,1417521466,384995044,50,400,398,1814,20872002,1
358,1417521466,387995005,2,400,398,1423,19248002,0
358,1417521466,387995005,51,400,401,1745,20808002,2
358,1417521466,390994967,52,400,403,1952,6171002,0
358,1417521466,390994967,1,400,396,1420,17107002,0
359,1417521466,404994786,50,400,399,1814,20670002,0
359,1417521466,408994735,2,400,399,1423,19092001,0
359,1417521466,408994735,52,400,402,1952,6385002,0
359,1417521466,411994696,51,400,401,1745,20486002,0
359,1417521466,411994696,1,400,397,1420,16979002,0
360,1417521466,425994516,50,400,399,1818,19036002,0
360,1417521466,429994464,2,400,399,1423,19005002,0
360,1417521466,429994464,51,400,402,1765,20653002,0
360,1417521466,432994426,52,400,405,1998,6608002,0
360,1417521466,432994426,1,400,398,1420,16900002,0
361,1417521466,445994258,50,400,399,1818,20941002,1
361,1417521466,449994207,2,400,397,1400,18884002,0
361,1417521466,449994207,51,400,401,1765,20568002,0
361,1417521466,452994168,52,400,404,1998,20965002,1
361,1417521466,452994168,1,400,399,1420,16690002,0
362,1417521466,466993988,50,400,399,1818,20636002,0
362,1417521466,470993937,2,400,398,1400,18916002,0
362,1417521466,470993937,52,400,403,1998,6722002,0
362,1417521466,473993898,51,400,401,1765,20676002,0
362,1417521466,473993898,1,400,399,1420,16535002,0
363,1417521466,486993731,50,400,399,1815,20576002,0
363,1417521466,490993679,2,400,399,1400,18829002,0
363,1417521466,490993679,52,400,402,2002,6719002,0
363,1417521466,493993640,51,400,401,1765,20410002,0
363,1417521466,493993640,1,400,399,1420,16504002,0
364,1417521466,507993460,50,400,399,1815,20579002,0
364,1417521466,511993409,2,400,399,1400,18886002,0
364,1417521466,511993409,52,400,401,2002,20564002,1
364,1417521466,514993370,51,400,402,1785,20380002,0
364,1417521466,514993370,1,400,399,1420,16491002,0
365,1417521466,528993190,50,400,399,1815,18957002,0
365,1417521466,531993151,2,400,397,1377,19022002,0
365,1417521466,532993138,51,400,401,1785,20378002,0
365,1417521466,534993113,52,400,401,2002,6773002,0
365,1417521466,534993113,1,400,399,1420,16478002,0
366,1417521466,548992932,50,400,399,1815,20686002,1
366,1417521466,552992881,2,400,398,1377,19234002,0
366,1417521466,552992881,52,400,401,2014,20690002,1
366,1417521466,555992842,51,400,401,1785,20525002,0
366,1417521466,555992842,1,400,399,1420,16502002,0
367,1417521466,569992662,50,400,398,1802,18856000,0
367,1417521466,573992611,2,400,399,1377,19309002,0
367,1417521466,573992611,51,400,402,1812,20384000,0
367,1417521466,575992585,52,400,401,2014,6643000,0
367,1417521466,575992585,1,400,399,1420,16488002,0
368,1417521466,589992405,50,400,399,1802,20706000,1
368,1417521466,593992353,2,400,398,1363,19552002,0
368,1417521466,595992327,51,400,401,1812,20521000,0
368,1417521466,595992327,52,400,401,2014,6421000,0
368,1417521466,595992327,1,400,399,1420,16465000,0
369,1417521466,610992134,50,400,399,1802,20566000,0
369,1417521466,614992083,2,400,399,1363,19675000,0
369,1417521466,616992057,52,400,401,2014,6477000,0
369,1417521466,616992057,51,400,401,1812,20567000,0
369,1417521466,616992057,1,400,391,1332,16407000,0
370,1417521466,630991877,50,400,397,1781,20609000,0
370,1417521466,634991825,2,400,399,1363,19754000,0
370,1417521466,636991799,51,400,403,1844,20636000,0
370,1417521466,636991799,52,400,401,2033,20777000,1
370,1417521466,636991799,1,400,392,1332,16432000,0
371,1417521466,652991593,50,400,398,1781,20681000,0
371,1417521466,656991542,2,400,399,1357,19641000,0
371,1417521466,656991542,51,400,402,1844,20446000,0
371,1417521466,658991516,52,400,401,2033,6593000,0
371,1417521466,658991516,1,400,393,1332,16315000,0
372,1417521466,672991336,50,400,399,1781,20673000,0
372,1417521466,676991284,2,400,399,1357,19651000,0
372,1417521466,677991272,51,400,401,1844,20628000,0
372,1417521466,679991246,52,400,401,2033,6627000,0
372,1417521466,679991246,1,400,394,1332,16235000,0
373,1417521466,693991066,50,400,399,1780,20691000,0
373,1417521466,697991014,2,400,399,1357,19788000,0
373,1417521466,697991014,51,400,401,1844,20670000,0
373,1417521466,699990988,52,400,400,2023,6690000,0
373,1417521466,700990975,1,400,395,1332,16154000,0
374,1417521466,713990808,50,400,399,1780,20687000,0
374,1417521466,718990744,2,400,399,1357,19611000,0
374,1417521466,718990744,51,400,404,1889,20682000,0
374,1417521466,720990718,52,400,400,2023,6707000,0
374,1417521466,720990718,1,400,396,1332,16144000,0
375,1417521466,734990538,50,400,399,1780,20656000,0
375,1417521466,738990486,2,400,398,1346,19527000,0
375,1417521466,738990486,51,400,403,1889,20650000,0
375,1417521466,741990448,52,400,400,2023,6805000,0
375,1417521466,741990448,1,400,397,1332,16012000,0
376,1417521466,754990280,50,400,399,1780,18965000,0
376,1417521466,759990216,2,400,399,1346,19535000,0
376,1417521466,759990216,52,400,398,1998,6857000,0
376,1417521466,761990190,51,400,402,1889,20528000,0
376,1417521466,762990177,1,400,398,1332,15994000,0
377,1417521466,775990010,50,400,399,1777,19113000,0
377,1417521466,780989946,2,400,399,1346,19337000,0
377,1417521466,780989946,52,400,399,1998,6886000,0
377,1417521466,782989920,51,400,407,1949,6882000,0
377,1417521466,782989920,1,400,399,1332,15941000,0
378,1417521466,796989740,50,400,399,1777,19156000,0
378,1417521466,800989688,2,400,399,1344,19226000,0
378,1417521466,800989688,51,400,406,1949,6932000,0
378,1417521466,803989649,52,400,399,1998,6934000,0
378,1417521466,803989649,1,400,399,1332,15832000,0
379,1417521466,816989482,50,400,399,1777,19245000,0
379,1417521466,820989431,2,400,399,1344,19169000,0
379,1417521466,821989418,51,400,405,1949,6936000,0
379,1417521466,823989392,52,400,399,1998,7104000,0
379,1417521466,823989392,1,400,399,1332,15819000,0
380,1417521466,837989212,50,400,399,1780,19217000,0
380,1417521466,841989160,2,400,399,1344,19093000,0
380,1417521466,841989160,51,400,407,1979,20787000,1
380,1417521466,844989122,52,400,399,1990,7070000,0
380,1417521466,844989122,1,400,399,1332,15786000,0
381,1417521466,857988954,50,400,399,1780,19262000,0
381,1417521466,862988890,2,400,399,1336,19066000,0
381,1417521466,862988890,52,400,399,1990,7051000,0
381,1417521466,864988864,51,400,406,1979,20588000,0
381,1417521466,864988864,1,400,399,1332,15849000,0
382,1417521466,878988684,50,400,399,1780,19202000,0
382,1417521466,882988632,2,400,399,1336,19019000,0
382,1417521466,882988632,52,400,399,1990,7061000,0
382,1417521466,885988594,51,400,405,1979,7181000,0
382,1417521466,885988594,1,400,393,1268,15914000,0
383,1417521466,898988426,50,400,399,1782,20628000,1
383,1417521466,903988362,2,400,399,1336,18904000,0
383,1417521466,903988362,51,400,404,1979,20838000,1
383,1417521466,906988323,52,400,398,1977,7112000,0
383,1417521466,906988323,1,400,394,1268,15947000,0
384,1417521466,919988156,50,400,399,1782,19199000,0
384,1417521466,923988104,2,400,399,1336,18827001,0
384,1417521466,923988104,51,400,404,1991,7224001,0
384,1417521466,926988066,52,400,399,1977,7373000,0
384,1417521466,926988066,1,400,395,1268,15974000,0
385,1417521466,939987898,50,400,399,1782,19274001,0
385,1417521466,944987834,2,400,397,1315,18758000,0
385,1417521466,944987834,51,400,403,1991,20817001,1
385,1417521466,947987795,52,400,399,1977,7554001,0
385,1417521466,947987795,1,400,396,1268,15910000,0
386,1417521466,960987628,50,400,399,1782,19464001,0
386,1417521466,965987564,2,400,398,1315,18525001,0
386,1417521466,965987564,51,400,402,1991,20716001,0
386,1417521466,968987525,52,400,400,1995,7634001,0
386,1417521466,968987525,1,400,397,1268,15803001,0
387,1417521466,980987371,50,400,397,1758,19726001,0
387,1417521466,985987306,2,400,399,1315,18291000,0
387,1417521466,985987306,52,400,400,1995,20886001,1
387,1417521466,988987268,51,400,402,2009,20761001,0
387,1417521466,988987268,1,400,398,1268,15641001,0
388,1417521467,1999975,50,400,398,1758,19786001,0
388,1417521467,6999910,2,400,399,1305,18102001,0
388,1417521467,6999910,52,400,400,1995,7770001,0
388,1417521467,9999872,51,400,401,2009,7811001,0
388,1417521467,9999872,1,400,399,1268,15633001,0
389,1417521467,22999704,50,400,399,1758,19812001,0
389,1417521467,26999653,2,400,399,1305,17982001,0
389,1417521467,26999653,52,400,400,1995,7743001,0
389,1417521467,29999614,51,400,401,2009,20743001,1
389,1417521467,30999601,1,400,393,1206,15706001,0
390,1417521467,42999447,50,400,398,1743,19867001,0
390,1417521467,47999383,2,400,399,1305,17924001,0
390,1417521467,47999383,51,400,399,1996,20598001,0
390,1417521467,50999344,52,400,400,2003,7683001,0
390,1417521467,50999344,1,400,394,1206,15600001,0
