Simulation time,DDS time seconds,DDS time nanoseconds,Turbine Id,Setpoint,Current production,Max production,MS since last write,Cache count
0,1417521756,578992546,5,100,108,1211,20060000,0
0,1417521756,627991915,1,100,108,1211,20126000,0
0,1417521756,627991915,2,100,97,2242,20142000,0
1,1417521756,627991915,9,100,108,1211,20146000,0
1,1417521756,628991902,6,100,99,2269,20312000,2
1,1417521756,628991902,7,100,101,1225,20262000,0
1,1417521756,628991902,3,100,102,1225,20231000,0
1,1417521756,628991902,4,100,99,1243,17560000,0
2,1417521756,630991877,10,100,99,2233,20230000,0
2,1417521756,633991838,8,100,99,1243,20244000,0
2,1417521756,633991838,2,100,98,2242,20232000,0
2,1417521756,641991735,6,100,97,2242,20117000,0
2,1417521756,641991735,5,100,107,1211,20145000,0
3,1417521756,641991735,9,100,107,1211,20124000,0
3,1417521756,642991722,1,100,107,1211,20221000,0
3,1417521756,642991722,3,100,101,1225,20277000,1
3,1417521756,645991684,7,100,101,1225,20252000,0
3,1417521756,645991684,4,100,99,1242,17628000,0
4,1417521756,650991619,8,100,99,1242,18521000,0
4,1417521756,653991581,10,100,99,2233,20260000,0
4,1417521756,653991581,9,100,106,1211,20177000,0
4,1417521756,661991478,2,100,99,2242,20168000,0
4,1417521756,662991465,5,100,106,1211,20171000,0
5,1417521756,662991465,6,100,98,2242,20130000,0
5,1417521756,662991465,1,100,106,1211,20234000,0
5,1417521756,662991465,7,100,101,1236,20258000,0
5,1417521756,665991426,3,100,101,1225,20181000,0
5,1417521756,665991426,4,100,99,1242,17517000,0
6,1417521756,670991362,8,100,99,1242,20335000,2
6,1417521756,673991323,10,100,99,2233,20254000,0
6,1417521756,673991323,2,100,99,2233,20191000,0
6,1417521756,681991220,9,100,105,1211,20208000,0
6,1417521756,682991207,6,100,99,2242,20043000,0
7,1417521756,682991207,5,100,105,1211,20092000,0
7,1417521756,682991207,1,100,105,1211,20192000,0
7,1417521756,682991207,7,100,101,1236,20171000,0
7,1417521756,685991169,3,100,101,1236,20232000,0
7,1417521756,685991169,4,100,99,1242,17598000,0
8,1417521756,690991104,8,100,99,1242,20235000,0
8,1417521756,693991066,10,100,100,2246,20267000,0
8,1417521756,693991066,2,100,99,2233,20106000,0
8,1417521756,702990950,9,100,104,1211,20084000,0
8,1417521756,702990950,6,100,99,2233,20146000,0
9,1417521756,702990950,5,100,104,1211,20185000,0
9,1417521756,702990950,1,100,104,1211,20258000,1
9,1417521756,702990950,7,100,101,1236,20179000,0
9,1417521756,705990911,3,100,101,1236,20249000,0
9,1417521756,705990911,4,100,99,1243,17593000,0
10,1417521756,711990834,10,100,100,2246,20237000,0
10,1417521756,713990808,8,100,99,1243,17995000,0
10,1417521756,714990795,5,100,103,1211,20132000,0
10,1417521756,722990692,6,100,99,2233,20158000,0
10,1417521756,722990692,2,100,99,2233,20202000,0
11,1417521756,722990692,9,100,103,1211,20095000,0
11,1417521756,722990692,1,100,103,1211,20200000,0
11,1417521756,722990692,3,100,101,1236,20228000,0
11,1417521756,725990654,7,100,101,1236,20249000,0
11,1417521756,725990654,4,100,99,1243,17589000,0
12,1417521756,731990576,10,100,100,2246,20222000,0
12,1417521756,734990538,8,100,99,1243,20311000,2
12,1417521756,734990538,9,100,109,1299,20142000,0
12,1417521756,742990435,5,100,109,1299,20131000,0
12,1417521756,742990435,2,100,100,2246,20070000,0
13,1417521756,743990422,1,100,109,1299,20117000,0
13,1417521756,743990422,6,100,99,2233,20296000,0
13,1417521756,743990422,3,100,101,1236,20161000,0
13,1417521756,746990383,7,100,102,1265,20179000,0
13,1417521756,746990383,4,100,99,1243,17689000,0
14,1417521756,751990319,10,100,100,2246,20232000,0
14,1417521756,754990280,8,100,99,1243,20248000,0
14,1417521756,754990280,1,100,108,1299,20133000,0
14,1417521756,762990177,5,100,108,1299,20251000,0
14,1417521756,762990177,9,100,108,1299,20238000,0
15,1417521756,763990164,2,100,100,2246,20208000,0
15,1417521756,763990164,6,100,100,2246,20357000,1
15,1417521756,763990164,7,100,101,1265,20195000,0
15,1417521756,766990126,3,100,102,1265,20245000,0
15,1417521756,766990126,4,100,99,1233,17699000,0
16,1417521756,771990061,10,100,103,2288,20243000,0
16,1417521756,774990023,8,100,99,1233,20250000,0
16,1417521756,774990023,9,100,107,1299,20030000,0
16,1417521756,783989907,2,100,100,2246,20193000,0
16,1417521756,783989907,1,100,107,1299,20012000,0
17,1417521756,783989907,5,100,107,1299,20117000,0
17,1417521756,783989907,6,100,100,2246,20288000,3
17,1417521756,783989907,3,100,101,1265,20246000,0
17,1417521756,786989868,7,100,101,1265,20275000,0
17,1417521756,786989868,4,100,99,1233,17685000,0
18,1417521756,792989791,8,100,99,1233,20317000,1
18,1417521756,794989765,10,100,102,2288,20222000,0
18,1417521756,794989765,2,100,100,2246,20101000,0
18,1417521756,803989649,5,100,106,1299,20087000,0
18,1417521756,803989649,9,100,106,1299,20224000,0
19,1417521756,803989649,1,100,106,1299,20198000,0
19,1417521756,803989649,6,100,100,2246,20211000,0
19,1417521756,803989649,3,100,101,1265,20235000,0
19,1417521756,806989611,7,100,102,1291,20216000,0
19,1417521756,806989611,4,100,99,1233,17653000,0
20,1417521756,812989534,10,100,101,2288,20229000,0
20,1417521756,814989508,8,100,99,1233,16957000,0
20,1417521756,815989495,1,100,105,1299,20116000,0
20,1417521756,823989392,5,100,105,1299,20160000,0
20,1417521756,823989392,9,100,105,1299,20216000,0
21,1417521756,823989392,2,100,103,2288,20085000,0
21,1417521756,823989392,6,100,100,2246,20233000,0
21,1417521756,823989392,7,100,101,1291,20262000,0
21,1417521756,826989353,3,100,102,1291,20267000,0
21,1417521756,827989340,4,100,99,1233,17657000,0
22,1417521756,832989276,10,100,104,2335,20232000,0
22,1417521756,835989237,8,100,99,1233,20321000,2
22,1417521756,835989237,5,100,104,1299,20167000,0
22,1417521756,843989134,9,100,104,1299,20192000,0
22,1417521756,843989134,2,100,102,2288,20073000,0
23,1417521756,844989122,1,100,104,1299,20096000,0
23,1417521756,844989122,6,100,103,2288,20221000,0
23,1417521756,844989122,7,100,101,1291,20159000,0
23,1417521756,847989083,3,100,101,1291,14741000,0
23,1417521756,847989083,4,100,99,1225,17733000,0
24,1417521756,852989019,10,100,103,2335,20308000,0
24,1417521756,855988980,8,100,99,1225,16609000,0
24,1417521756,855988980,5,100,103,1299,20166000,0
24,1417521756,863988877,1,100,103,1299,20178000,0
24,1417521756,863988877,9,100,103,1299,20241000,0
25,1417521756,864988864,2,100,101,2288,20135000,0
25,1417521756,864988864,6,100,102,2288,20286000,0
25,1417521756,864988864,7,100,101,1297,20230000,0
25,1417521756,867988825,3,100,101,1291,20338000,1
25,1417521756,867988825,4,100,99,1225,17611000,0
26,1417521756,873988748,10,100,102,2335,20288000,0
26,1417521756,875988722,8,100,99,1225,16589000,0
26,1417521756,875988722,2,100,104,2335,20194000,0
26,1417521756,884988607,9,100,102,1299,20062000,0
26,1417521756,884988607,5,100,102,1299,20061000,0
27,1417521756,884988607,1,100,102,1299,20108000,0
27,1417521756,884988607,6,100,101,2288,20216000,0
27,1417521756,884988607,7,100,101,1297,20334000,1
27,1417521756,887988568,3,100,101,1297,20238000,0
27,1417521756,887988568,4,100,99,1225,17666000,0
28,1417521756,893988491,8,100,99,1225,20324000,2
28,1417521756,896988452,10,100,101,2339,16320000,0
28,1417521756,896988452,2,100,103,2335,20149000,0
28,1417521756,904988349,9,100,101,1299,20147000,0
28,1417521756,904988349,1,100,101,1299,20129000,0
29,1417521756,904988349,5,100,101,1299,20078000,0
29,1417521756,904988349,6,100,104,2335,20182000,0
29,1417521756,904988349,3,100,101,1297,20263000,1
29,1417521756,908988298,7,100,101,1297,20238000,0
29,1417521756,908988298,4,100,99,1232,17638000,0
30,1417521756,913988233,8,100,99,1232,20217000,0
30,1417521756,916988195,10,100,101,2339,20288000,2
30,1417521756,916988195,1,100,101,1299,20187000,0
30,1417521756,924988092,5,100,101,1299,20158000,0
30,1417521756,924988092,9,100,101,1299,20132000,0
31,1417521756,924988092,2,100,102,2335,20224000,0
31,1417521756,924988092,6,100,103,2335,20289000,2
31,1417521756,925988079,3,100,101,1297,20280000,0
31,1417521756,928988040,7,100,101,1297,20290000,0
31,1417521756,928988040,4,100,99,1232,17642000,0
32,1417521756,933987976,8,100,99,1232,20274001,0
32,1417521756,936987937,10,100,101,2339,20302001,0
32,1417521756,936987937,2,100,101,2339,20141000,0
32,1417521756,944987834,5,100,101,1299,20100000,0
32,1417521756,944987834,1,100,101,1299,20205001,0
33,1417521756,945987821,9,100,101,1299,20251000,0
33,1417521756,945987821,6,100,102,2335,20312000,0
33,1417521756,945987821,3,100,101,1297,20177000,0
33,1417521756,948987783,7,100,102,1318,20206000,0
33,1417521756,948987783,4,100,99,1232,17704001,0
34,1417521756,954987705,10,100,101,2339,20198001,0
34,1417521756,956987680,8,100,99,1232,20231001,0
34,1417521756,956987680,2,100,101,2339,20032001,0
34,1417521756,965987564,9,100,101,1299,20107001,0
34,1417521756,965987564,5,100,101,1299,20254001,0
35,1417521756,965987564,1,100,101,1299,20077001,0
35,1417521756,965987564,6,100,101,2339,20149001,0
35,1417521756,965987564,3,100,102,1318,20148001,0
35,1417521756,968987525,7,100,101,1318,20189001,0
35,1417521756,968987525,4,100,99,1230,17698000,0
36,1417521756,974987448,8,100,99,1230,20251001,0
36,1417521756,978987396,10,100,101,2347,20238001,0
36,1417521756,978987396,5,100,101,1299,20209001,0
36,1417521756,985987306,1,100,101,1299,20197001,0
36,1417521756,985987306,9,100,101,1299,20090001,0
37,1417521756,985987306,2,100,101,2339,20151001,0
37,1417521756,985987306,6,100,101,2339,20269001,3
37,1417521756,985987306,3,100,101,1318,20271001,0
37,1417521756,988987268,7,100,101,1318,20272001,0
37,1417521756,990987242,4,100,99,1230,17675001,0
38,1417521756,995987177,10,100,101,2347,20224001,0
38,1417521756,998987139,8,100,99,1230,20221001,0
38,1417521756,998987139,2,100,101,2339,20158001,0
38,1417521757,6999910,9,100,101,1299,20091001,0
38,1417521757,6999910,5,100,101,1299,20183001,0
39,1417521757,6999910,1,100,101,1299,20223001,0
39,1417521757,7999898,6,100,101,2339,20282001,1
39,1417521757,7999898,7,100,102,1340,20240001,0
39,1417521757,10999859,3,100,101,1318,20242001,0
39,1417521757,10999859,4,100,99,1230,17695001,0
40,1417521757,15999795,10,100,101,2347,20269001,0
40,1417521757,18999756,8,100,99,1230,20226001,0
40,1417521757,18999756,1,100,101,1299,20107001,0
40,1417521757,26999653,5,100,101,1299,20181001,0
40,1417521757,27999640,9,100,101,1299,20129001,0
41,1417521757,27999640,2,100,101,2347,20168001,0
41,1417521757,27999640,6,100,101,2339,20368001,2
41,1417521757,27999640,3,100,102,1340,20245001,0
41,1417521757,30999601,7,100,101,1340,20303001,0
41,1417521757,30999601,4,100,99,1230,17692001,0
42,1417521757,36999524,10,100,99,2334,20249001,0
42,1417521757,38999498,8,100,99,1230,20236001,0
42,1417521757,39999486,9,100,101,1299,20068001,0
42,1417521757,47999383,2,100,101,2347,20100001,0
42,1417521757,47999383,5,100,101,1299,20192001,0
43,1417521757,47999383,1,100,101,1299,20237001,0
43,1417521757,47999383,6,100,101,2347,20263001,0
43,1417521757,47999383,7,100,101,1340,20307001,0
43,1417521757,50999344,3,100,101,1340,20270001,0
43,1417521757,50999344,4,100,100,1240,17834001,0
44,1417521757,56999267,10,100,99,2334,20184001,0
44,1417521757,59999228,8,100,100,1240,20437001,1
44,1417521757,59999228,9,100,101,1299,20296001,0
44,1417521757,67999125,2,100,101,2347,20121001,0
44,1417521757,67999125,5,100,101,1299,20149001,0
45,1417521757,67999125,1,100,101,1299,20041001,0
45,1417521757,67999125,6,100,101,2347,20450001,2
45,1417521757,67999125,3,100,101,1340,20268001,0
45,1417521757,70999086,7,100,101,1347,20226001,0
45,1417521757,71999074,4,100,100,1240,20516001,1
46,1417521757,76999009,8,100,100,1240,20368001,0
46,1417521757,79998971,10,100,99,2334,20272001,0
46,1417521757,79998971,2,100,99,2334,20185001,0
46,1417521757,87998868,9,100,101,1299,20116001,0
46,1417521757,87998868,5,100,101,1299,20207001,0
47,1417521757,88998855,1,100,101,1299,20125001,0
47,1417521757,88998855,6,100,101,2347,20032001,0
47,1417521757,88998855,7,100,101,1347,20373001,1
47,1417521757,91998816,3,100,101,1347,20257001,0
47,1417521757,91998816,4,100,100,1240,17795001,0
48,1417521757,97998739,10,100,99,2324,20231001,0
48,1417521757,99998713,8,100,100,1240,20340001,0
48,1417521757,99998713,5,100,101,1299,19985001,0
48,1417521757,107998610,1,100,101,1299,20093001,0
48,1417521757,108998597,2,100,99,2334,20230001,0
49,1417521757,108998597,9,100,101,1299,20181001,0
49,1417521757,108998597,6,100,99,2334,20457001,4
49,1417521757,108998597,7,100,101,1347,20272001,0
49,1417521757,111998559,3,100,101,1347,20257001,0
49,1417521757,111998559,4,100,101,1251,17778001,0
50,1417521757,117998481,8,100,101,1251,20261001,0
50,1417521757,120998443,10,100,99,2324,20379001,0
50,1417521757,120998443,2,100,99,2334,20072001,0
50,1417521757,128998340,9,100,101,1299,20038001,0
50,1417521757,128998340,5,100,101,1299,20203001,0
51,1417521757,128998340,1,100,101,1299,19920001,0
51,1417521757,128998340,6,100,99,2334,20112001,0
51,1417521757,128998340,7,100,101,1347,20271001,0
51,1417521757,131998301,3,100,101,1347,20324001,0
51,1417521757,132998288,4,100,101,1251,20414001,1
52,1417521757,137998224,10,100,99,2324,20289001,0
52,1417521757,140998185,8,100,101,1251,20250001,0
52,1417521757,140998185,9,100,101,1299,20210001,0
52,1417521757,148998082,5,100,101,1299,20186001,0
52,1417521757,148998082,2,100,99,2324,20063001,0
53,1417521757,148998082,1,100,101,1299,20186001,0
53,1417521757,148998082,6,100,99,2334,20213001,0
53,1417521757,148998082,7,100,102,1373,20398001,0
53,1417521757,152998031,3,100,101,1347,20396001,0
53,1417521757,152998031,4,100,101,1251,17460001,0
54,1417521757,157997966,8,100,101,1251,20284001,0
54,1417521757,160997928,10,100,99,2324,20386001,1
54,1417521757,160997928,2,100,99,2324,20100001,0
54,1417521757,168997825,9,100,101,1299,20142001,0
54,1417521757,168997825,5,100,101,1299,20226001,0
55,1417521757,168997825,1,100,101,1299,20227001,0
55,1417521757,169997812,6,100,99,2324,20279001,0
55,1417521757,169997812,7,100,101,1373,20298001,0
55,1417521757,172997773,3,100,102,1373,20256001,0
55,1417521757,172997773,4,100,100,1245,17384001,0
56,1417521757,178997696,10,100,100,2338,20348001,1
56,1417521757,180997670,8,100,100,1245,20320001,1
56,1417521757,181997657,5,100,101,1299,20211001,0
56,1417521757,187997580,1,100,101,1299,20058001,0
56,1417521757,187997580,2,100,99,2324,20118001,0
57,1417521757,188997567,9,100,101,1299,20177001,0
57,1417521757,188997567,6,100,99,2324,20275001,2
57,1417521757,189997554,7,100,101,1373,20207001,0
57,1417521757,192997516,3,100,101,1373,20230001,0
57,1417521757,192997516,4,100,100,1245,17356001,0
58,1417521757,198997438,8,100,100,1245,20220001,0
58,1417521757,201997400,10,100,100,2338,20230001,0
58,1417521757,201997400,9,100,101,1299,20131001,0
58,1417521757,207997323,2,100,99,2324,20168001,0
58,1417521757,207997323,5,100,101,1299,20098001,0
59,1417521757,207997323,6,100,99,2324,20174001,0
59,1417521757,207997323,1,100,101,1299,20188001,0
59,1417521757,208997310,3,100,101,1373,20268001,0
59,1417521757,213997245,7,100,102,1399,20340001,1
59,1417521757,213997245,4,100,100,1245,17451001,0
60,1417521757,218997181,10,100,100,2338,20224001,0
60,1417521757,221997142,8,100,100,1245,13887001,0
60,1417521757,221997142,9,100,101,1299,20117001,0
60,1417521757,228997052,2,100,100,2338,20202001,0
60,1417521757,228997052,5,100,101,1299,20213001,0
61,1417521757,228997052,6,100,99,2324,20145001,0
61,1417521757,228997052,1,100,101,1299,20227001,0
61,1417521757,228997052,7,100,101,1399,20287001,0
61,1417521757,233996988,3,100,102,1399,20263001,0
61,1417521757,233996988,4,100,100,1245,17343001,0
62,1417521757,241996885,8,100,100,1245,20313001,2
62,1417521757,241996885,10,100,100,2339,20272001,0
62,1417521757,241996885,9,100,101,1299,20098001,0
62,1417521757,248996795,5,100,101,1299,20210001,0
62,1417521757,248996795,6,100,100,2338,20158001,0
63,1417521757,248996795,2,100,100,2338,20129001,0
63,1417521757,248996795,3,100,101,1399,20309001,0
63,1417521757,253996730,7,100,101,1399,20316001,0
63,1417521757,254996717,1,100,101,1299,20431001,0
63,1417521757,254996717,4,100,100,1248,19727001,0
64,1417521757,261996627,8,100,100,1248,20204001,0
64,1417521757,261996627,10,100,100,2339,20223001,0
64,1417521757,261996627,2,100,100,2338,20214001,0
64,1417521757,268996537,5,100,111,1424,20154001,0
64,1417521757,268996537,9,100,111,1424,20210001,0
65,1417521757,269996524,6,100,100,2338,20181001,0
65,1417521757,269996524,3,100,101,1399,24336001,1
65,1417521757,274996460,7,100,101,1413,24253001,1
65,1417521757,274996460,1,100,111,1424,12414001,0
65,1417521757,274996460,4,100,100,1248,20745001,1
66,1417521757,281996370,10,100,100,2339,20254001,0
66,1417521757,281996370,8,100,100,1248,20197001,0
66,1417521757,282996357,2,100,100,2339,20083001,0
66,1417521757,289996267,9,100,109,1424,20077001,0
66,1417521757,289996267,5,100,109,1424,20088001,0
67,1417521757,289996267,6,100,100,2338,20235001,0
67,1417521757,289996267,1,100,109,1424,20244001,3
67,1417521757,294996203,7,100,101,1413,20212001,0
67,1417521757,294996203,3,100,101,1413,20251001,0
67,1417521757,294996203,4,100,100,1248,20208001,0
68,1417521757,302996100,10,100,101,2352,20283001,1
68,1417521757,302996100,8,100,100,1248,13329001,0
68,1417521757,302996100,2,100,100,2339,20534001,1
68,1417521757,309996009,9,100,108,1424,20639001,1
68,1417521757,309996009,6,100,100,2339,20008001,0
69,1417521757,309996009,5,100,108,1424,20173001,0
69,1417521757,309996009,1,100,108,1424,20178001,0
69,1417521757,314995945,7,100,101,1413,20200001,0
69,1417521757,314995945,3,100,101,1413,20194001,0
69,1417521757,314995945,4,100,99,1247,19839001,0
70,1417521757,322995842,10,100,101,2352,20144001,0
70,1417521757,322995842,8,100,99,1247,20273001,2
70,1417521757,322995842,9,100,107,1424,20672001,2
70,1417521757,329995752,6,100,100,2339,20713001,3
70,1417521757,329995752,2,100,100,2339,20516002,2
71,1417521757,330995739,5,100,107,1424,20683001,2
71,1417521757,330995739,7,100,101,1413,20217001,0
71,1417521757,334995688,1,100,107,1424,20183001,0
71,1417521757,334995688,3,100,101,1413,20213001,0
71,1417521757,334995688,4,100,99,1247,19864001,0
72,1417521757,342995585,8,100,99,1247,20144001,0
72,1417521757,342995585,10,100,101,2352,20263001,1
72,1417521757,343995572,9,100,106,1424,20452001,4
72,1417521757,350995482,2,100,101,2352,20482001,4
72,1417521757,350995482,6,100,100,2339,20554001,4
73,1417521757,350995482,5,100,106,1424,20622001,1
73,1417521757,350995482,3,100,101,1413,20223001,0
73,1417521757,354995430,7,100,102,1442,20272002,0
73,1417521757,354995430,1,100,106,1424,20197002,0
73,1417521757,355995417,4,100,99,1247,20787001,1
74,1417521757,363995314,8,100,99,1247,20739002,1
74,1417521757,363995314,10,100,101,2352,20765001,1
74,1417521757,363995314,2,100,101,2352,20427002,3
74,1417521757,370995224,6,100,101,2352,20613001,1
74,1417521757,370995224,9,100,105,1424,20201001,0
75,1417521757,370995224,5,100,105,1424,20341002,2
75,1417521757,370995224,3,100,102,1442,20230002,0
75,1417521757,375995160,7,100,101,1442,20165002,0
75,1417521757,375995160,1,100,105,1424,20157002,0
75,1417521757,375995160,4,100,100,1259,20164001,0
76,1417521757,383995057,10,100,99,2333,20074002,0
76,1417521757,383995057,8,100,100,1259,20230002,0
76,1417521757,383995057,6,100,101,2352,20300002,2
76,1417521757,390994967,2,100,101,2352,20297002,0
76,1417521757,391994954,9,100,104,1424,20467002,3
77,1417521757,391994954,5,100,104,1424,20283002,4
77,1417521757,391994954,1,100,104,1424,20148002,0
77,1417521757,395994902,3,100,101,1442,20242001,0
77,1417521757,395994902,7,100,101,1442,20166002,0
77,1417521757,395994902,8,100,100,1259,20314002,2
78,1417521757,403994799,4,100,100,1259,20288001,0
78,1417521757,403994799,10,100,99,2333,20208002,0
78,1417521757,403994799,2,100,101,2352,20019002,0
78,1417521757,411994696,6,100,101,2352,20186002,0
78,1417521757,411994696,9,100,109,1495,20164002,0
79,1417521757,411994696,5,100,109,1495,20252002,0
79,1417521757,411994696,3,100,101,1442,20321002,0
79,1417521757,415994645,7,100,102,1469,20261002,0
79,1417521757,415994645,1,100,109,1495,20259002,0
79,1417521757,415994645,4,100,100,1259,20345002,1
80,1417521757,423994542,10,100,99,2333,20250002,0
80,1417521757,424994529,8,100,100,1259,20345002,0
80,1417521757,424994529,6,100,101,2352,20333002,1
80,1417521757,431994439,9,100,108,1495,20233002,0
80,1417521757,431994439,2,100,99,2333,20173002,0
81,1417521757,431994439,5,100,108,1495,20374002,6
81,1417521757,431994439,3,100,102,1469,20318002,2
81,1417521757,435994387,1,100,108,1495,20188002,0
81,1417521757,435994387,7,100,101,1469,20270002,0
81,1417521757,436994374,10,100,97,2304,20243002,0
82,1417521757,444994271,4,100,100,1259,20201002,0
82,1417521757,444994271,8,100,100,1259,12733002,0
82,1417521757,444994271,2,100,99,2333,20230002,0
82,1417521757,451994181,9,100,107,1495,20129002,0
82,1417521757,451994181,5,100,107,1495,20255002,0
83,1417521757,452994168,6,100,99,2333,20335002,0
83,1417521757,452994168,7,100,101,1469,20225002,0
83,1417521757,456994117,3,100,101,1469,20199002,0
83,1417521757,456994117,1,100,107,1495,20165002,0
83,1417521757,456994117,10,100,98,2304,20405002,0
84,1417521757,464994014,8,100,101,1269,12941002,0
84,1417521757,464994014,4,100,101,1269,20567002,1
84,1417521757,464994014,9,100,106,1495,20046002,0
84,1417521757,471993924,2,100,99,2333,20234002,0
84,1417521757,472993911,5,100,106,1495,20002002,0
85,1417521757,472993911,6,100,99,2333,20149002,0
85,1417521757,472993911,7,100,101,1473,20254002,0
85,1417521757,476993859,3,100,101,1469,20132002,0
85,1417521757,476993859,1,100,106,1495,20164002,0
85,1417521757,476993859,8,100,101,1269,20302002,3
86,1417521757,484993756,10,100,99,2304,20252002,0
86,1417521757,484993756,4,100,101,1269,20333002,0
86,1417521757,485993743,5,100,105,1495,20251002,2
86,1417521757,492993653,9,100,105,1495,20247002,0
86,1417521757,492993653,2,100,97,2304,20162002,0
87,1417521757,492993653,6,100,99,2333,20162002,0
87,1417521757,492993653,3,100,101,1473,20166002,0
87,1417521757,496993602,1,100,105,1495,20208002,0
87,1417521757,496993602,7,100,101,1473,20198002,0
87,1417521757,496993602,4,100,101,1269,20245002,1
88,1417521757,505993486,8,100,101,1269,20295002,0
88,1417521757,505993486,10,100,98,2290,20367002,1
88,1417521757,505993486,5,100,104,1495,20112002,0
88,1417521757,512993396,9,100,104,1495,20208002,0
88,1417521757,512993396,2,100,98,2304,20173002,0
89,1417521757,512993396,6,100,97,2304,20227002,3
89,1417521757,512993396,3,100,101,1473,20189002,0
89,1417521757,516993344,7,100,101,1473,20247002,0
89,1417521757,516993344,1,100,104,1495,20248002,0
89,1417521757,517993332,4,100,101,1271,20228002,0
90,1417521757,525993229,8,100,101,1271,20200002,0
90,1417521757,525993229,10,100,99,2290,20194002,0
90,1417521757,525993229,6,100,98,2304,20192002,0
90,1417521757,532993138,9,100,103,1495,20168002,0
90,1417521757,532993138,2,100,99,2304,20093002,0
91,1417521757,532993138,5,100,103,1495,20183002,0
91,1417521757,532993138,1,100,103,1495,20223002,0
91,1417521757,537993074,7,100,101,1473,20174002,0
91,1417521757,537993074,3,100,101,1473,20180002,0
91,1417521757,537993074,4,100,101,1271,20129002,0
92,1417521757,545992971,10,100,99,2290,20107002,0
92,1417521757,545992971,8,100,101,1271,20156002,0
92,1417521757,545992971,9,100,102,1495,20164002,0
92,1417521757,552992881,2,100,98,2290,20157002,0
92,1417521757,552992881,5,100,102,1495,20304002,0
93,1417521757,552992881,6,100,99,2304,20415002,0
93,1417521757,553992868,3,100,101,1473,20303002,0
93,1417521757,557992817,1,100,102,1495,20263002,0
93,1417521757,557992817,7,100,102,1497,20256002,0
93,1417521757,557992817,10,100,99,2290,20203002,0
94,1417521757,565992714,4,100,101,1271,20244002,0
94,1417521757,565992714,8,100,101,1271,20259002,0
94,1417521757,565992714,9,100,101,1495,20052002,0
94,1417521757,572992623,2,100,99,2290,20052002,0
94,1417521757,573992611,5,100,101,1495,20041002,0
95,1417521757,573992611,6,100,98,2290,20051002,0
95,1417521757,573992611,7,100,101,1497,20132002,0
95,1417521757,577992559,3,100,102,1497,20098002,0
95,1417521757,577992559,1,100,101,1495,20233002,0
95,1417521757,578992546,10,100,96,2254,20297002,1
96,1417521757,586992443,4,100,101,1271,20137002,0
96,1417521757,586992443,8,100,101,1271,20127002,0
96,1417521757,586992443,2,100,99,2290,20211000,0
96,1417521757,593992353,9,100,101,1495,20196000,0
96,1417521757,593992353,6,100,99,2290,20072000,0
97,1417521757,593992353,5,100,101,1495,20008000,0
97,1417521757,593992353,3,100,101,1497,20163000,0
97,1417521757,597992302,7,100,101,1497,20163000,0
97,1417521757,598992289,1,100,101,1495,20163000,0
97,1417521757,598992289,10,100,97,2254,20214000,0
98,1417521757,606992186,8,100,101,1271,20181000,0
98,1417521757,606992186,4,100,101,1271,20266000,0
98,1417521757,606992186,9,100,101,1495,20339000,1
98,1417521757,613992096,2,100,99,2290,20124000,0
98,1417521757,613992096,6,100,99,2290,20312000,1
99,1417521757,614992083,5,100,101,1495,20397000,1
99,1417521757,614992083,3,100,101,1497,20186000,0
99,1417521757,618992031,7,100,103,1535,20183000,0
99,1417521757,618992031,1,100,101,1495,20205000,0
99,1417521757,618992031,8,100,101,1271,20226000,0
100,1417521757,626991928,4,100,101,1271,20393000,1
100,1417521757,626991928,10,100,98,2254,20277000,0
100,1417521757,627991915,2,100,96,2254,20053000,0
100,1417521757,634991825,5,100,101,1495,20274000,1
100,1417521757,634991825,6,100,99,2290,20325000,1
101,1417521757,634991825,9,100,101,1495,20275000,0
101,1417521757,634991825,3,100,103,1535,20165000,0
101,1417521757,638991774,1,100,101,1495,20242000,0
101,1417521757,638991774,7,100,102,1535,20168000,0
101,1417521757,638991774,8,100,101,1271,20274000,0
102,1417521757,647991658,4,100,101,1271,20377000,2
102,1417521757,647991658,10,100,96,2231,20180000,0
102,1417521757,647991658,5,100,101,1495,20117000,0
102,1417521757,654991568,2,100,97,2254,19988000,0
102,1417521757,654991568,6,100,96,2254,20236000,0
103,1417521757,654991568,9,100,101,1495,20591000,0
103,1417521757,654991568,3,100,102,1535,20228000,0
103,1417521757,658991516,7,100,101,1535,20244000,0
103,1417521757,658991516,1,100,101,1495,20370000,0
103,1417521757,659991503,8,100,99,1258,20301000,0
104,1417521757,667991400,4,100,99,1258,20241000,0
104,1417521757,667991400,10,100,97,2231,20322000,0
104,1417521757,667991400,5,100,106,1561,20141000,0
104,1417521757,674991310,2,100,98,2254,20178000,0
104,1417521757,674991310,6,100,97,2254,20177000,0
105,1417521757,674991310,9,100,106,1561,19726000,0
105,1417521757,674991310,1,100,106,1561,20151000,0
105,1417521757,679991246,7,100,101,1539,20065000,0
105,1417521757,679991246,3,100,101,1535,20256000,0
105,1417521757,679991246,8,100,99,1258,20201000,0
106,1417521757,687991143,4,100,99,1258,20127000,0
106,1417521757,687991143,10,100,98,2231,20116000,0
106,1417521757,687991143,2,100,96,2231,20251000,0
106,1417521757,694991053,5,100,105,1561,20176000,0
106,1417521757,694991053,6,100,98,2254,20119000,0
107,1417521757,694991053,9,100,105,1561,19613000,0
107,1417521757,695991040,1,100,105,1561,20234000,0
107,1417521757,699990988,7,100,101,1539,20224000,0
107,1417521757,699990988,3,100,101,1539,20160000,0
107,1417521757,699990988,8,100,99,1258,20345000,2
108,1417521757,707990885,4,100,99,1258,20120000,0
108,1417521757,707990885,10,100,97,2214,20201000,0
108,1417521757,707990885,5,100,104,1561,20175000,0
108,1417521757,714990795,2,100,97,2231,20234000,0
108,1417521757,714990795,6,100,96,2231,20311000,0
109,1417521757,715990782,9,100,104,1561,20294000,1
109,1417521757,715990782,3,100,101,1539,20217000,0
109,1417521757,719990731,1,100,104,1561,20234000,0
109,1417521757,719990731,7,100,101,1539,20174000,0
109,1417521757,719990731,4,100,99,1261,20312000,1
110,1417521757,727990628,8,100,99,1261,20198000,0
110,1417521757,727990628,10,100,98,2214,20188000,0
110,1417521757,728990615,5,100,103,1561,20384000,1
110,1417521757,735990525,6,100,97,2231,20318000,1
110,1417521757,735990525,2,100,98,2231,20158000,0
111,1417521757,735990525,9,100,103,1561,20237000,0
111,1417521757,735990525,1,100,103,1561,20151000,0
111,1417521757,739990473,3,100,101,1539,20213000,0
111,1417521757,739990473,7,100,101,1539,20183000,0
111,1417521757,739990473,8,100,99,1261,20181000,0
112,1417521757,748990357,10,100,99,2214,20164000,0
112,1417521757,748990357,4,100,99,1261,20199000,0
112,1417521757,748990357,5,100,102,1561,20366000,1
112,1417521757,755990267,6,100,98,2231,20183000,0
112,1417521757,755990267,2,100,97,2214,20367000,0
113,1417521757,755990267,9,100,102,1561,20557000,0
113,1417521757,755990267,3,100,101,1539,20189000,0
113,1417521757,759990216,1,100,102,1561,20255000,0
113,1417521757,759990216,7,100,101,1558,20237000,0
113,1417521757,760990203,4,100,99,1261,20272000,0
114,1417521757,768990100,8,100,99,1261,20455000,2
114,1417521757,768990100,10,100,99,2214,20355000,0
114,1417521757,768990100,6,100,97,2214,20181000,0
114,1417521757,775990010,5,100,101,1561,20182000,0
114,1417521757,775990010,2,100,98,2214,20177000,0
115,1417521757,775990010,9,100,101,1561,20205000,0
115,1417521757,776989997,7,100,101,1558,19812000,0
115,1417521757,780989946,3,100,101,1558,20025000,0
115,1417521757,780989946,1,100,101,1561,20157000,0
115,1417521757,780989946,10,100,97,2191,20224000,0
116,1417521757,788989843,4,100,100,1276,20179000,0
116,1417521757,788989843,8,100,100,1276,20088000,0
116,1417521757,788989843,6,100,98,2214,20077000,0
116,1417521757,795989752,5,100,101,1561,20105000,0
116,1417521757,796989740,2,100,99,2214,20288000,0
117,1417521757,796989740,9,100,101,1561,19513000,0
117,1417521757,796989740,7,100,101,1558,20178000,0
117,1417521757,800989688,3,100,101,1558,20158000,0
117,1417521757,800989688,1,100,101,1561,20120000,0
117,1417521757,800989688,8,100,100,1276,20296000,1
118,1417521757,808989585,4,100,100,1276,20143000,0
118,1417521757,809989572,10,100,98,2191,20204000,0
118,1417521757,809989572,5,100,112,1696,20297000,1
118,1417521757,816989482,6,100,99,2214,20154000,0
118,1417521757,816989482,2,100,99,2214,20223000,0
119,1417521757,816989482,9,100,112,1696,19932000,0
119,1417521757,816989482,7,100,102,1585,20193000,0
119,1417521757,820989431,3,100,101,1558,20152000,0
119,1417521757,820989431,1,100,112,1696,20212000,0
119,1417521757,820989431,4,100,100,1276,20181000,0
120,1417521757,829989315,8,100,100,1276,20237000,0
120,1417521757,829989315,10,100,99,2191,20172000,0
120,1417521757,829989315,5,100,110,1696,20219000,0
120,1417521757,836989225,2,100,97,2191,20231000,0
120,1417521757,836989225,6,100,99,2214,20203000,0
121,1417521757,836989225,9,100,110,1696,19953000,0
121,1417521757,836989225,7,100,101,1585,20169000,0
121,1417521757,840989173,3,100,102,1585,20147000,0
121,1417521757,840989173,1,100,110,1696,20190000,0
121,1417521757,841989160,10,100,99,2185,20199000,0
122,1417521757,849989057,4,100,100,1276,20205000,0
122,1417521757,849989057,8,100,100,1276,20250000,0
122,1417521757,849989057,2,100,98,2191,20211000,0
122,1417521757,856988967,5,100,109,1696,20154000,0
122,1417521757,856988967,6,100,97,2191,20333000,0
123,1417521757,856988967,9,100,109,1696,20251000,1
123,1417521757,856988967,7,100,101,1585,20343000,0
123,1417521757,861988903,3,100,101,1585,20312000,0
123,1417521757,861988903,1,100,109,1696,20371000,0
123,1417521757,861988903,10,100,99,2185,20129000,0
124,1417521757,869988800,8,100,101,1290,20182000,0
124,1417521757,869988800,4,100,101,1290,20057000,0
124,1417521757,869988800,6,100,98,2191,20068000,0
124,1417521757,876988710,5,100,108,1696,20161000,0
124,1417521757,876988710,2,100,99,2191,20159000,0
125,1417521757,877988697,9,100,108,1696,20243000,0
125,1417521757,877988697,7,100,102,1606,20151000,0
125,1417521757,881988645,3,100,101,1585,20233000,0
125,1417521757,881988645,1,100,108,1696,20338000,1
125,1417521757,881988645,4,100,101,1290,20221000,0
126,1417521757,889988542,8,100,101,1290,20250000,0
126,1417521757,890988529,10,100,99,2185,20254000,0
126,1417521757,890988529,6,100,99,2191,20268000,0
126,1417521757,897988439,5,100,107,1696,20337000,1
126,1417521757,897988439,2,100,99,2185,20402000,2
127,1417521757,897988439,9,100,107,1696,19319000,0
127,1417521757,897988439,1,100,107,1696,20246000,0
127,1417521757,901988388,3,100,102,1606,20241000,0
127,1417521757,901988388,7,100,101,1606,20212000,0
127,1417521757,901988388,8,100,101,1290,20219000,0
128,1417521757,910988272,4,100,101,1290,20211000,0
128,1417521757,910988272,10,100,98,2166,20310001,1
128,1417521757,910988272,6,100,99,2185,20150000,0
128,1417521757,917988182,5,100,106,1696,20244001,0
128,1417521757,917988182,2,100,99,2185,20284001,0
129,1417521757,917988182,9,100,106,1696,19098000,0
129,1417521757,917988182,1,100,106,1696,20188000,0
129,1417521757,921988130,3,100,101,1606,20225000,0
129,1417521757,921988130,7,100,101,1606,11799000,0
129,1417521757,922988117,4,100,101,1296,20149000,0
130,1417521757,930988014,8,100,101,1296,20272000,0
130,1417521757,930988014,10,100,99,2166,20151001,0
130,1417521757,930988014,5,100,105,1696,20098001,0
130,1417521757,937987924,6,100,99,2185,20312000,2
130,1417521757,937987924,2,100,99,2185,20217001,0
131,1417521757,937987924,9,100,105,1696,20306001,1
131,1417521757,937987924,1,100,105,1696,20113000,0
131,1417521757,942987860,7,100,101,1606,20333000,3
131,1417521757,942987860,3,100,101,1606,19942001,0
131,1417521757,942987860,4,100,101,1296,20160000,0
132,1417521757,950987757,10,100,99,2166,20223001,0
132,1417521757,950987757,8,100,101,1296,13267001,0
132,1417521757,950987757,5,100,109,1765,20356001,0
132,1417521757,957987667,6,100,99,2185,20299001,0
132,1417521757,958987654,2,100,98,2166,20257000,0
133,1417521757,958987654,9,100,109,1765,19187001,0
133,1417521757,958987654,7,100,101,1623,20271001,0
133,1417521757,962987602,3,100,101,1606,20241001,0
133,1417521757,962987602,1,100,109,1765,20245001,0
133,1417521757,962987602,8,100,101,1296,20332001,3
134,1417521757,970987499,10,100,99,2166,20176001,0
134,1417521757,971987486,4,100,101,1296,20206001,0
134,1417521757,971987486,5,100,108,1765,20350001,1
134,1417521757,978987396,6,100,98,2166,20233001,0
134,1417521757,978987396,2,100,99,2166,20256001,0
135,1417521757,978987396,9,100,108,1765,20291000,1
135,1417521757,978987396,7,100,101,1623,20205001,0
135,1417521757,982987345,3,100,101,1623,20221000,0
135,1417521757,982987345,1,100,108,1765,20222001,0
135,1417521757,982987345,10,100,96,2135,20262001,0
136,1417521757,991987229,8,100,101,1300,13010001,0
136,1417521757,991987229,4,100,101,1300,20308001,2
136,1417521757,991987229,6,100,99,2166,20262001,0
136,1417521757,998987139,5,100,107,1765,20218001,0
136,1417521757,998987139,2,100,99,2166,20233001,0
137,1417521757,998987139,9,100,107,1765,18832001,0
137,1417521757,998987139,7,100,101,1623,20231001,0
137,1417521758,2999962,3,100,101,1623,20176001,0
137,1417521758,2999962,1,100,107,1765,20215001,0
137,1417521758,3999949,8,100,101,1300,20274001,3
138,1417521758,11999846,10,100,97,2135,20224001,0
138,1417521758,11999846,4,100,101,1300,20176001,0
138,1417521758,11999846,5,100,106,1765,20305001,1
138,1417521758,18999756,6,100,99,2166,20233001,0
138,1417521758,18999756,2,100,99,2166,20190001,0
139,1417521758,18999756,9,100,106,1765,18800001,0
139,1417521758,18999756,3,100,101,1623,20168001,0
139,1417521758,24999679,7,100,101,1630,20245001,0
139,1417521758,24999679,1,100,106,1765,20233001,0
139,1417521758,24999679,10,100,98,2135,20216001,0
140,1417521758,31999589,8,100,101,1300,20255001,0
140,1417521758,31999589,4,100,101,1300,20199001,0
140,1417521758,31999589,2,100,96,2135,20245001,0
140,1417521758,39999486,6,100,99,2166,20331001,1
140,1417521758,39999486,5,100,105,1765,20230001,0
141,1417521758,40999473,9,100,105,1765,18598001,0
141,1417521758,40999473,7,100,101,1630,20093001,0
141,1417521758,44999421,3,100,101,1630,20096001,0
141,1417521758,44999421,1,100,105,1765,20210001,0
141,1417521758,44999421,10,100,96,2109,20284001,0
142,1417521758,52999318,8,100,101,1300,20168001,0
142,1417521758,52999318,4,100,101,1300,20325001,1
142,1417521758,53999305,6,100,96,2135,20291001,0
142,1417521758,60999215,2,100,97,2135,20262001,0
142,1417521758,60999215,5,100,104,1765,20228001,0
143,1417521758,60999215,9,100,104,1765,18496001,0
143,1417521758,60999215,7,100,101,1630,20189001,0
143,1417521758,64999164,3,100,101,1630,20256001,0
143,1417521758,64999164,1,100,104,1765,20251001,0
143,1417521758,64999164,10,100,97,2109,20240001,0
144,1417521758,73999048,8,100,101,1300,20268001,0
144,1417521758,73999048,4,100,101,1300,20318001,2
144,1417521758,73999048,6,100,97,2135,20178001,0
144,1417521758,80998958,2,100,98,2135,20171001,0
144,1417521758,80998958,5,100,103,1765,20105001,0
145,1417521758,80998958,9,100,103,1765,18320001,0
145,1417521758,80998958,3,100,101,1630,20141001,0
145,1417521758,84998906,7,100,101,1643,20218001,0
145,1417521758,84998906,1,100,103,1765,20215001,0
145,1417521758,85998893,10,100,98,2109,20228001,0
146,1417521758,93998790,8,100,101,1300,20190001,0
146,1417521758,93998790,4,100,101,1300,20156001,0
146,1417521758,93998790,6,100,98,2135,20206001,0
146,1417521758,100998700,2,100,96,2109,20202001,0
146,1417521758,100998700,5,100,102,1765,20184001,0
147,1417521758,100998700,9,100,102,1765,18513001,0
147,1417521758,100998700,7,100,101,1643,20241001,0
147,1417521758,104998649,3,100,101,1643,20185001,0
147,1417521758,105998636,1,100,102,1765,20171001,0
147,1417521758,105998636,8,100,101,1300,20283001,1
148,1417521758,113998533,10,100,97,2091,20215001,0
148,1417521758,113998533,4,100,101,1300,20218001,0
148,1417521758,113998533,2,100,97,2109,20204001,0
148,1417521758,120998443,6,100,96,2109,20273001,0
148,1417521758,121998430,5,100,101,1765,20184001,0
149,1417521758,121998430,9,100,101,1765,20426001,1
149,1417521758,121998430,7,100,101,1643,20150001,0
149,1417521758,125998378,3,100,101,1643,20191001,0
149,1417521758,125998378,1,100,101,1765,20353001,1
149,1417521758,125998378,10,100,98,2091,20237001,0
150,1417521758,133998275,4,100,99,1282,20422001,1
150,1417521758,133998275,8,100,99,1282,20252001,0
150,1417521758,133998275,6,100,97,2109,20296001,1
150,1417521758,141998172,5,100,101,1765,20279001,0
150,1417521758,141998172,2,100,98,2109,20256001,0
151,1417521758,141998172,9,100,101,1765,18500001,0
151,1417521758,141998172,7,100,101,1643,20256001,0
151,1417521758,145998121,3,100,101,1643,20192001,0
151,1417521758,146998108,1,100,101,1765,20266001,0
151,1417521758,146998108,4,100,99,1282,20285001,2
152,1417521758,153998018,10,100,99,2091,20130001,0
152,1417521758,154998005,8,100,99,1282,12739001,0
152,1417521758,154998005,2,100,97,2091,20275001,0
152,1417521758,161997915,6,100,98,2109,20354001,0
152,1417521758,161997915,5,100,101,1765,20276001,0
153,1417521758,161997915,9,100,101,1765,18431001,0
153,1417521758,161997915,7,100,101,1662,20241001,0
153,1417521758,165997863,3,100,101,1643,20072001,0
153,1417521758,165997863,1,100,101,1765,20205001,0
153,1417521758,165997863,8,100,99,1282,20275001,3
154,1417521758,174997747,10,100,99,2091,20201001,0
154,1417521758,174997747,4,100,99,1282,20152001,0
154,1417521758,174997747,2,100,98,2091,20121001,0
154,1417521758,181997657,5,100,101,1765,20126001,0
154,1417521758,181997657,6,100,97,2091,20155001,0
155,1417521758,181997657,9,100,101,1765,18625001,0
155,1417521758,181997657,3,100,101,1662,20209001,0
155,1417521758,185997606,7,100,101,1662,20164001,0
155,1417521758,186997593,1,100,101,1765,20154001,0
155,1417521758,186997593,8,100,99,1290,20262001,0
156,1417521758,194997490,10,100,97,2063,20229001,0
156,1417521758,194997490,4,100,99,1290,20158001,0
156,1417521758,194997490,5,100,101,1765,20106001,0
156,1417521758,201997400,2,100,99,2091,20124001,0
156,1417521758,201997400,6,100,98,2091,20225001,0
157,1417521758,201997400,9,100,101,1765,18487001,0
157,1417521758,202997387,7,100,101,1662,20176001,0
157,1417521758,206997335,3,100,101,1662,20223001,0
157,1417521758,206997335,1,100,101,1765,20177001,0
157,1417521758,206997335,10,100,98,2063,20227001,0
158,1417521758,214997232,8,100,99,1290,20212001,0
158,1417521758,214997232,4,100,99,1290,20236001,0
158,1417521758,214997232,2,100,99,2091,20218001,0
158,1417521758,222997129,6,100,99,2091,20163001,0
158,1417521758,222997129,5,100,101,1765,20143001,0
159,1417521758,222997129,9,100,101,1765,20280001,1
159,1417521758,222997129,3,100,101,1662,20163001,0
159,1417521758,226997078,7,100,101,1668,20155001,0
159,1417521758,226997078,1,100,101,1765,20185001,0
159,1417521758,226997078,8,100,99,1290,20169001,0
160,1417521758,235996962,10,100,99,2063,20212001,0
160,1417521758,235996962,4,100,99,1290,20206001,0
160,1417521758,235996962,6,100,99,2091,20214001,0
160,1417521758,242996872,5,100,101,1765,20152001,0
160,1417521758,242996872,2,100,97,2063,20191001,0
161,1417521758,242996872,9,100,101,1765,20251001,0
161,1417521758,242996872,3,100,101,1668,20211001,0
161,1417521758,246996820,7,100,101,1668,20191001,0
161,1417521758,246996820,1,100,101,1765,20223001,0
161,1417521758,247996808,8,100,99,1290,12817001,0
162,1417521758,255996705,10,100,97,2042,20167001,0
162,1417521758,255996705,4,100,99,1290,20178001,0
162,1417521758,255996705,6,100,97,2063,20219001,0
162,1417521758,262996615,5,100,101,1765,20219001,0
162,1417521758,262996615,2,100,98,2063,20317001,0
163,1417521758,262996615,9,100,101,1765,20195001,0
163,1417521758,262996615,7,100,101,1668,20236001,0
163,1417521758,266996563,3,100,101,1668,20219001,0
163,1417521758,267996550,1,100,101,1765,20171001,0
163,1417521758,267996550,10,100,98,2042,20162001,0
164,1417521758,275996447,8,100,100,1305,20289001,3
164,1417521758,275996447,4,100,100,1305,20199001,0
164,1417521758,275996447,6,100,98,2063,20287001,0
164,1417521758,282996357,5,100,101,1765,20151001,0
164,1417521758,282996357,2,100,99,2063,20079001,0
165,1417521758,282996357,9,100,101,1765,20198001,0
165,1417521758,283996344,7,100,101,1684,20171001,0
165,1417521758,287996293,3,100,101,1668,20250001,0
165,1417521758,287996293,1,100,101,1765,20305001,1
165,1417521758,287996293,10,100,99,2042,20219001,0
166,1417521758,295996190,8,100,100,1305,20176001,0
166,1417521758,295996190,4,100,100,1305,20333001,1
166,1417521758,295996190,2,100,97,2042,20170001,0
166,1417521758,302996100,6,100,99,2063,20236001,0
166,1417521758,303996087,5,100,101,1765,20343001,1
167,1417521758,303996087,9,100,101,1765,20224001,0
167,1417521758,303996087,7,100,101,1684,20232001,0
167,1417521758,305996061,3,100,101,1684,20157001,0
167,1417521758,305996061,1,100,101,1765,20193001,0
167,1417521758,306996048,10,100,98,2030,20213001,0
168,1417521758,315995932,8,100,100,1305,20175001,0
168,1417521758,315995932,4,100,100,1305,20298001,2
168,1417521758,315995932,6,100,97,2042,20211001,0
168,1417521758,323995829,5,100,101,1765,20288001,1
168,1417521758,323995829,2,100,98,2042,20233001,0
169,1417521758,323995829,9,100,101,1765,17946001,0
169,1417521758,323995829,7,100,101,1684,20230001,0
169,1417521758,326995791,3,100,101,1684,20163001,0
169,1417521758,326995791,1,100,101,1765,20222001,0
169,1417521758,326995791,8,100,99,1302,20160001,0
170,1417521758,335995675,10,100,99,2030,20150001,0
170,1417521758,336995662,4,100,99,1302,20202001,0
170,1417521758,336995662,2,100,99,2042,20204001,0
170,1417521758,343995572,6,100,98,2042,20273001,0
170,1417521758,343995572,5,100,101,1765,20210001,0
171,1417521758,343995572,9,100,101,1765,17820001,0
171,1417521758,343995572,3,100,101,1684,20237001,0
171,1417521758,346995533,7,100,101,1684,20252001,0
171,1417521758,346995533,1,100,101,1765,20209001,0
171,1417521758,346995533,8,100,99,1302,20365001,1
172,1417521758,356995404,10,100,99,2030,20205001,0
172,1417521758,356995404,4,100,99,1302,20211001,0
172,1417521758,356995404,2,100,98,2030,20327001,0
172,1417521758,363995314,5,100,101,1765,20246002,0
172,1417521758,363995314,6,100,99,2042,20308002,0
173,1417521758,364995301,9,100,101,1765,20497002,1
173,1417521758,364995301,7,100,102,1705,20258001,0
173,1417521758,367995263,3,100,101,1684,20203001,0
173,1417521758,367995263,1,100,101,1765,20175001,0
173,1417521758,367995263,8,100,99,1302,20196001,0
174,1417521758,376995147,10,100,99,2030,20359001,0
174,1417521758,376995147,4,100,99,1302,14048002,0
174,1417521758,376995147,6,100,98,2030,20260002,0
174,1417521758,384995044,5,100,101,1765,20141002,0
174,1417521758,384995044,2,100,99,2030,20303002,0
175,1417521758,384995044,9,100,101,1765,17698002,0
175,1417521758,384995044,1,100,101,1765,20159002,0
175,1417521758,387995005,3,100,102,1705,20178002,0
175,1417521758,387995005,7,100,101,1705,20261001,0
175,1417521758,387995005,10,100,99,2024,20372002,0
176,1417521758,397994876,8,100,99,1307,20284002,0
176,1417521758,397994876,4,100,99,1307,14087002,0
176,1417521758,397994876,5,100,101,1765,20285002,0
176,1417521758,404994786,6,100,99,2030,20285002,0
176,1417521758,404994786,2,100,99,2030,20246002,0
177,1417521758,404994786,9,100,101,1765,17584002,0
177,1417521758,404994786,7,100,101,1705,20240002,0
177,1417521758,407994748,3,100,101,1705,20147002,0
177,1417521758,408994735,1,100,101,1765,20244002,0
177,1417521758,408994735,8,100,99,1307,20404002,1
178,1417521758,417994619,10,100,99,2024,20366002,0
178,1417521758,417994619,4,100,99,1307,14226002,0
178,1417521758,417994619,5,100,101,1765,20152002,0
178,1417521758,424994529,6,100,99,2030,20172002,0
178,1417521758,424994529,2,100,99,2030,20167002,0
179,1417521758,425994516,9,100,101,1765,17073002,0
179,1417521758,425994516,3,100,101,1705,20807002,3
179,1417521758,428994477,7,100,101,1720,20159002,0
179,1417521758,428994477,1,100,101,1765,20859002,3
179,1417521758,428994477,8,100,99,1307,20369002,0
180,1417521758,437994361,10,100,99,2024,20400002,0
180,1417521758,437994361,4,100,99,1307,14186002,0
180,1417521758,438994349,6,100,99,2030,20182002,0
180,1417521758,445994258,2,100,99,2024,20266002,0
180,1417521758,445994258,5,100,101,1765,20326002,0
181,1417521758,445994258,9,100,101,1765,17277002,0
181,1417521758,445994258,7,100,101,1720,20495002,3
181,1417521758,448994220,1,100,101,1765,20168002,0
181,1417521758,448994220,3,100,101,1720,11377002,0
181,1417521758,448994220,10,100,99,2024,20240002,0
182,1417521758,457994104,8,100,99,1307,20272002,0
182,1417521758,458994091,4,100,99,1307,20370002,1
182,1417521758,458994091,2,100,99,2024,20208002,0
182,1417521758,465994001,6,100,99,2024,20288002,0
182,1417521758,465994001,5,100,101,1765,20140002,0
183,1417521758,465994001,9,100,101,1765,16898002,0
183,1417521758,465994001,7,100,101,1720,20519002,2
183,1417521758,469993949,3,100,101,1720,20629002,13
183,1417521758,469993949,1,100,101,1765,20702002,6
183,1417521758,469993949,8,100,99,1315,20224002,0
184,1417521758,478993834,10,100,99,2024,20219002,0
184,1417521758,478993834,4,100,99,1315,20191002,0
184,1417521758,478993834,5,100,101,1765,20165002,0
184,1417521758,485993743,6,100,99,2024,20164002,0
184,1417521758,485993743,2,100,99,2024,20132002,0
185,1417521758,485993743,9,100,101,1765,16725002,0
185,1417521758,485993743,7,100,101,1733,20371002,6
185,1417521758,489993692,3,100,101,1720,20034002,0
185,1417521758,489993692,1,100,101,1765,20594002,1
185,1417521758,489993692,10,100,99,2024,20249002,0
186,1417521758,498993576,8,100,99,1315,19034002,0
186,1417521758,498993576,4,100,99,1315,20237002,0
186,1417521758,498993576,5,100,101,1765,20186002,0
186,1417521758,505993486,6,100,99,2024,20168002,0
186,1417521758,505993486,2,100,99,2024,20134002,0
187,1417521758,505993486,9,100,101,1765,16227002,0
187,1417521758,506993473,3,100,101,1733,19875002,0
187,1417521758,509993434,7,100,101,1733,20192002,0
187,1417521758,509993434,1,100,101,1765,20354002,6
187,1417521758,510993422,10,100,98,2009,20298002,1
188,1417521758,518993319,8,100,99,1315,18990002,0
188,1417521758,518993319,4,100,99,1315,20238002,0
188,1417521758,518993319,6,100,99,2024,20098002,0
188,1417521758,526993216,5,100,101,1765,20177002,0
188,1417521758,526993216,2,100,99,2024,20188002,0
189,1417521758,526993216,9,100,101,1765,16438002,0
189,1417521758,526993216,3,100,101,1733,20233002,0
189,1417521758,529993177,7,100,101,1733,20234002,0
189,1417521758,530993164,1,100,101,1765,20160002,0
189,1417521758,530993164,10,100,99,2009,20240002,0
190,1417521758,538993061,8,100,99,1306,20308002,2
190,1417521758,539993048,4,100,99,1306,20235002,0
190,1417521758,539993048,2,100,99,2024,20177002,0
190,1417521758,546992958,6,100,99,2024,20293002,1
190,1417521758,546992958,5,100,101,1765,20230002,0
191,1417521758,546992958,9,100,101,1765,20308002,2
191,1417521758,546992958,7,100,101,1733,20244002,0
191,1417521758,550992907,3,100,101,1733,20253002,0
191,1417521758,550992907,1,100,101,1765,20345002,3
191,1417521758,550992907,10,100,99,2009,20163002,0
192,1417521758,559992791,8,100,99,1306,20149002,0
192,1417521758,559992791,4,100,99,1306,14254002,0
192,1417521758,559992791,2,100,98,2009,20267002,0
192,1417521758,566992701,6,100,99,2024,20138002,0
192,1417521758,566992701,9,100,101,1765,20270002,2
193,1417521758,566992701,5,100,101,1765,16410002,0
193,1417521758,566992701,3,100,101,1733,20153002,0
193,1417521758,570992649,1,100,101,1765,20116002,0
193,1417521758,570992649,7,100,101,1740,20140002,0
193,1417521758,570992649,10,100,99,2009,20161002,0
194,1417521758,578992546,8,100,99,1306,20213002,0
194,1417521758,578992546,4,100,99,1306,14335002,0
194,1417521758,580992520,2,100,99,2009,20184002,0
194,1417521758,586992443,6,100,98,2009,20279002,0
194,1417521758,586992443,5,100,101,1765,20297002,3
195,1417521758,586992443,9,100,101,1765,16369000,0
195,1417521758,587992430,1,100,101,1765,20236000,0
195,1417521758,590992392,3,100,101,1740,20243000,0
195,1417521758,590992392,7,100,101,1740,20181000,0
195,1417521758,590992392,8,100,97,1285,20103000,0
196,1417521758,599992276,10,100,97,1985,20158000,0
196,1417521758,599992276,4,100,97,1285,14075000,0
196,1417521758,599992276,6,100,99,2009,20104000,0
196,1417521758,606992186,9,100,101,1765,20317000,4
196,1417521758,607992173,2,100,99,2009,20222000,0
197,1417521758,607992173,5,100,101,1765,20237000,1
197,1417521758,607992173,1,100,101,1765,20187000,0
197,1417521758,610992134,3,100,101,1740,20187000,0
197,1417521758,611992121,7,100,101,1740,20226000,0
197,1417521758,611992121,10,100,98,1985,20263000,0
198,1417521758,619992018,8,100,98,1285,18976000,0
198,1417521758,619992018,4,100,98,1285,20309000,1
198,1417521758,619992018,2,100,99,2009,20139000,0
198,1417521758,627991915,6,100,99,2009,20125000,0
198,1417521758,627991915,5,100,101,1765,20169000,0
199,1417521758,627991915,9,100,101,1765,20120000,0
199,1417521758,627991915,1,100,101,1765,20188000,0
199,1417521758,631991864,3,100,101,1740,20225000,0
199,1417521758,631991864,7,100,100,1739,20242000,0
199,1417521758,631991864,8,100,99,1285,20330000,2
200,1417521758,639991761,10,100,99,1985,20272000,0
200,1417521758,640991748,4,100,99,1285,14090000,0
200,1417521758,640991748,9,100,101,1765,20203000,0
200,1417521758,647991658,6,100,99,2009,20205000,0
200,1417521758,647991658,2,100,97,1985,20217000,0
201,1417521758,647991658,5,100,101,1765,20191000,0
201,1417521758,647991658,1,100,101,1765,20152000,0
201,1417521758,651991606,3,100,100,1739,20181000,0
201,1417521758,651991606,7,100,100,1739,20172000,0
201,1417521758,651991606,8,100,99,1285,20165000,0
202,1417521758,660991490,10,100,97,1962,20176000,0
202,1417521758,660991490,4,100,99,1285,20290000,1
202,1417521758,660991490,2,100,98,1985,20172000,0
202,1417521758,667991400,9,100,101,1765,20213000,0
202,1417521758,667991400,6,100,97,1985,20181000,0
203,1417521758,667991400,5,100,101,1765,20192000,0
203,1417521758,667991400,1,100,101,1765,20229000,0
203,1417521758,671991349,3,100,100,1739,20235000,0
203,1417521758,671991349,7,100,100,1739,20167000,0
203,1417521758,671991349,10,100,98,1962,20295000,0
204,1417521758,680991233,8,100,99,1289,20209000,0
204,1417521758,680991233,4,100,99,1289,20261000,0
204,1417521758,680991233,2,100,99,1985,20216000,0
204,1417521758,687991143,9,100,101,1765,20214000,0
204,1417521758,687991143,5,100,101,1765,20175000,0
205,1417521758,688991130,6,100,98,1985,20158000,0
205,1417521758,688991130,3,100,100,1739,20237000,0
205,1417521758,691991091,1,100,101,1765,20215000,0
205,1417521758,691991091,7,100,101,1755,20165000,0
205,1417521758,692991078,10,100,99,1962,20300000,0
206,1417521758,700990975,8,100,99,1289,19029000,0
206,1417521758,701990963,4,100,99,1289,14255000,0
206,1417521758,701990963,9,100,101,1765,20163000,0
206,1417521758,708990872,2,100,97,1962,20128000,0
206,1417521758,708990872,6,100,99,1985,20197000,0
207,1417521758,708990872,5,100,101,1765,20153000,0
207,1417521758,708990872,3,100,101,1755,20225000,0
207,1417521758,712990821,1,100,101,1765,20237000,0
207,1417521758,712990821,7,100,101,1755,20224000,0
207,1417521758,712990821,10,100,97,1935,20343000,0
208,1417521758,721990705,8,100,99,1289,20419000,1
208,1417521758,721990705,4,100,99,1289,20370000,1
208,1417521758,721990705,9,100,101,1765,20145000,0
208,1417521758,728990615,2,100,98,1962,20131000,0
208,1417521758,728990615,6,100,97,1962,20104000,0
209,1417521758,728990615,5,100,101,1765,20110000,0
209,1417521758,728990615,3,100,101,1755,20223000,0
209,1417521758,732990563,1,100,101,1765,20165000,0
209,1417521758,732990563,7,100,101,1755,20221000,0
209,1417521758,732990563,10,100,98,1935,20167000,0
210,1417521758,741990448,8,100,99,1288,20285000,1
210,1417521758,741990448,4,100,99,1288,20260000,0
210,1417521758,741990448,9,100,101,1765,20130000,0
210,1417521758,748990357,2,100,99,1962,20146000,0
210,1417521758,748990357,5,100,101,1765,20160000,0
211,1417521758,748990357,6,100,98,1962,20166000,0
211,1417521758,748990357,3,100,101,1755,20229000,0
211,1417521758,752990306,1,100,101,1765,20200000,0
211,1417521758,752990306,7,100,101,1755,20235000,0
211,1417521758,752990306,8,100,99,1288,20167000,0
212,1417521758,761990190,10,100,99,1935,20175000,0
212,1417521758,761990190,4,100,99,1288,14333000,0
212,1417521758,761990190,6,100,99,1962,20241000,0
212,1417521758,768990100,5,100,101,1765,20233000,0
212,1417521758,768990100,2,100,97,1935,20181000,0
213,1417521758,768990100,9,100,101,1765,20165000,0
213,1417521758,769990087,1,100,101,1765,20205000,0
213,1417521758,772990049,3,100,101,1755,20205000,0
213,1417521758,772990049,7,100,101,1761,20209000,0
213,1417521758,772990049,8,100,99,1288,20278000,0
214,1417521758,781989933,10,100,99,1935,20157000,0
214,1417521758,781989933,4,100,99,1288,14320000,0
214,1417521758,782989920,5,100,101,1765,20178000,0
214,1417521758,788989843,6,100,97,1935,20223000,0
214,1417521758,789989830,9,100,101,1765,20225000,0
215,1417521758,789989830,2,100,98,1935,20180000,0
215,1417521758,789989830,3,100,101,1761,20201000,0
215,1417521758,792989791,1,100,101,1765,20166000,0
215,1417521758,793989778,7,100,101,1761,20204000,0
215,1417521758,793989778,8,100,99,1282,20245000,0
216,1417521758,802989662,10,100,98,1919,20278000,0
216,1417521758,802989662,4,100,99,1282,14345000,0
216,1417521758,802989662,9,100,101,1765,20033000,0
216,1417521758,809989572,2,100,99,1935,20041000,0
216,1417521758,809989572,6,100,98,1935,20191000,0
217,1417521758,809989572,5,100,101,1765,20031000,0
217,1417521758,809989572,3,100,101,1761,20251000,0
217,1417521758,813989521,1,100,101,1765,20209000,0
217,1417521758,813989521,7,100,101,1761,20248000,0
217,1417521758,813989521,8,100,99,1282,20201000,0
218,1417521758,822989405,10,100,99,1919,20225000,0
218,1417521758,822989405,4,100,99,1282,14380000,0
218,1417521758,822989405,6,100,99,1935,20075000,0
218,1417521758,829989315,5,100,101,1765,20122000,0
218,1417521758,829989315,2,100,99,1935,20189000,0
219,1417521758,829989315,9,100,101,1765,20164000,0
219,1417521758,829989315,3,100,101,1761,20194000,0
219,1417521758,833989263,1,100,101,1765,20191000,0
219,1417521758,833989263,7,100,101,1773,20209000,0
219,1417521758,833989263,8,100,99,1282,20232000,0
220,1417521758,842989147,10,100,99,1919,20198000,0
220,1417521758,842989147,4,100,99,1282,14408000,0
220,1417521758,842989147,9,100,101,1765,20150000,0
220,1417521758,849989057,2,100,98,1919,20202000,0
220,1417521758,849989057,6,100,99,1935,20174000,0
221,1417521758,849989057,5,100,101,1765,20159000,0
221,1417521758,849989057,7,100,101,1773,20287000,1
221,1417521758,853989006,3,100,101,1773,20177000,0
221,1417521758,853989006,1,100,101,1765,20296000,0
221,1417521758,853989006,8,100,99,1282,20210000,0
222,1417521758,862988890,10,100,99,1914,20230000,0
222,1417521758,862988890,4,100,99,1282,14497000,0
222,1417521758,862988890,9,100,101,1765,20166000,0
222,1417521758,869988800,2,100,99,1919,20189000,0
222,1417521758,869988800,6,100,98,1919,20168000,0
223,1417521758,870988787,5,100,101,1765,20224000,0
223,1417521758,870988787,3,100,101,1773,20257000,0
223,1417521758,873988748,1,100,101,1765,20187000,0
223,1417521758,874988735,7,100,101,1773,20276000,0
223,1417521758,874988735,10,100,99,1914,20166000,0
224,1417521758,883988619,8,100,99,1289,20200000,0
224,1417521758,883988619,4,100,99,1289,14515000,0
224,1417521758,883988619,5,100,101,1765,20171000,0
224,1417521758,890988529,6,100,99,1919,20174000,0
224,1417521758,890988529,2,100,99,1919,20216000,0
225,1417521758,890988529,9,100,101,1765,20196000,0
225,1417521758,890988529,3,100,101,1773,20205000,0
225,1417521758,894988478,1,100,101,1765,20334000,1
225,1417521758,894988478,7,100,101,1788,20204000,0
225,1417521758,894988478,8,100,99,1289,18826000,0
226,1417521758,903988362,10,100,99,1914,20206000,0
226,1417521758,903988362,4,100,99,1289,14620000,0
226,1417521758,903988362,6,100,99,1919,20202000,0
226,1417521758,910988272,5,100,101,1765,20191000,0
226,1417521758,910988272,2,100,99,1914,20157000,0
227,1417521758,910988272,9,100,101,1765,20165000,0
227,1417521758,911988259,3,100,101,1788,20224000,0
227,1417521758,914988220,1,100,101,1765,20228000,0
227,1417521758,914988220,7,100,101,1788,20178000,0
227,1417521758,914988220,10,100,99,1907,20235000,0
228,1417521758,923988104,8,100,99,1289,20317000,1
228,1417521758,923988104,4,100,99,1289,14533001,0
228,1417521758,923988104,9,100,101,1765,20170001,0
228,1417521758,930988014,2,100,99,1914,20126000,0
228,1417521758,930988014,6,100,99,1914,20166000,0
229,1417521758,930988014,5,100,101,1765,20204000,0
229,1417521758,930988014,3,100,101,1788,20221001,0
229,1417521758,934987963,1,100,101,1765,20194001,0
229,1417521758,934987963,7,100,101,1788,20172000,0
229,1417521758,934987963,8,100,99,1287,18772001,0
230,1417521758,943987847,10,100,99,1907,20201000,0
230,1417521758,943987847,4,100,99,1287,14638001,0
230,1417521758,944987834,6,100,99,1914,20126001,0
230,1417521758,950987757,5,100,101,1765,20233000,0
230,1417521758,950987757,2,100,99,1914,20170000,0
231,1417521758,951987744,9,100,101,1765,20216001,0
231,1417521758,951987744,1,100,101,1765,20200001,0
231,1417521758,954987705,3,100,101,1788,20179001,0
231,1417521758,954987705,7,100,101,1788,20185000,0
231,1417521758,955987692,8,100,99,1287,18913001,0
232,1417521758,964987577,10,100,99,1907,20351000,0
232,1417521758,964987577,4,100,99,1287,14648000,0
232,1417521758,964987577,2,100,99,1907,20216001,0
232,1417521758,971987486,9,100,101,1765,20237001,0
232,1417521758,971987486,5,100,101,1765,20194001,0
233,1417521758,971987486,6,100,99,1914,20231000,0
233,1417521758,971987486,3,100,101,1788,20243000,0
233,1417521758,975987435,1,100,101,1765,20254001,0
233,1417521758,975987435,7,100,102,1810,20192001,0
233,1417521758,975987435,10,100,99,1907,20258001,0
234,1417521758,984987319,8,100,99,1287,20387000,2
234,1417521758,984987319,4,100,99,1287,14686001,0
234,1417521758,984987319,5,100,101,1765,20175001,0
234,1417521758,991987229,6,100,99,1907,20218001,0
234,1417521758,991987229,2,100,99,1907,20186001,0
235,1417521758,991987229,9,100,101,1765,20255001,0
235,1417521758,991987229,1,100,101,1765,20242001,0
235,1417521758,995987177,3,100,102,1810,20194001,0
235,1417521758,995987177,7,100,101,1810,20266001,0
235,1417521758,995987177,8,100,98,1268,20246001,0
236,1417521759,4999936,10,100,99,1898,20272001,0
236,1417521759,4999936,4,100,98,1268,14788001,0
236,1417521759,4999936,6,100,99,1907,20158001,0
236,1417521759,11999846,5,100,101,1765,20126001,0
236,1417521759,11999846,9,100,101,1765,20150001,0
237,1417521759,11999846,2,100,99,1907,20211001,0
237,1417521759,11999846,1,100,101,1765,20232001,0
237,1417521759,15999795,3,100,101,1810,20243001,0
237,1417521759,15999795,7,100,101,1810,20170001,0
237,1417521759,15999795,10,100,99,1898,20302001,0
238,1417521759,24999679,8,100,99,1268,20294001,0
238,1417521759,24999679,4,100,99,1268,14895001,0
238,1417521759,25999666,2,100,99,1907,20203001,0
238,1417521759,31999589,9,100,101,1765,20117001,0
238,1417521759,31999589,5,100,101,1765,20158001,0
239,1417521759,31999589,6,100,99,1907,20170001,0
239,1417521759,32999576,3,100,101,1810,20239001,0
239,1417521759,35999537,1,100,101,1765,20227001,0
239,1417521759,35999537,7,100,101,1818,20189001,0
239,1417521759,35999537,10,100,99,1898,20253001,1
240,1417521759,44999421,8,100,99,1268,18593001,0
240,1417521759,45999408,4,100,99,1268,14971001,0
240,1417521759,46999395,2,100,99,1898,20223001,0
240,1417521759,52999318,5,100,101,1765,20219001,0
240,1417521759,52999318,6,100,99,1907,20204001,0
241,1417521759,52999318,9,100,101,1765,20156001,0
241,1417521759,52999318,1,100,101,1765,20237001,0
241,1417521759,55999280,7,100,101,1818,20165001,0
241,1417521759,56999267,3,100,101,1818,20184001,0
241,1417521759,56999267,10,100,98,1882,20176001,0
242,1417521759,65999151,8,100,99,1268,18667001,0
242,1417521759,65999151,4,100,99,1268,20402001,1
242,1417521759,67999125,6,100,99,1898,20262001,0
242,1417521759,72999061,5,100,101,1765,20206001,0
242,1417521759,72999061,9,100,101,1765,20167001,0
243,1417521759,72999061,2,100,99,1898,20269001,0
243,1417521759,72999061,7,100,101,1818,20247001,0
243,1417521759,77998996,3,100,101,1818,20197001,0
243,1417521759,77998996,1,100,101,1765,20240001,0
243,1417521759,77998996,10,100,99,1882,20101001,0
244,1417521759,86998880,8,100,98,1256,18567001,0
244,1417521759,86998880,4,100,98,1256,14996001,0
244,1417521759,86998880,9,100,101,1765,20217001,0
244,1417521759,93998790,2,100,99,1898,20220001,0
244,1417521759,93998790,6,100,99,1898,20171001,0
245,1417521759,93998790,5,100,101,1765,20053001,0
245,1417521759,93998790,7,100,102,1838,20126001,0
245,1417521759,97998739,1,100,101,1765,20141001,0
245,1417521759,97998739,3,100,101,1818,20157001,0
245,1417521759,97998739,8,100,99,1256,20285001,2
246,1417521759,106998623,10,100,99,1882,20199001,0
246,1417521759,106998623,4,100,99,1256,14962001,0
246,1417521759,106998623,9,100,101,1765,20106001,0
246,1417521759,113998533,2,100,98,1882,20209001,0
246,1417521759,113998533,5,100,101,1765,20121001,0
247,1417521759,113998533,6,100,99,1898,20223001,0
247,1417521759,114998520,1,100,101,1765,20194001,0
247,1417521759,117998481,7,100,101,1838,20226001,0
247,1417521759,117998481,3,100,102,1838,20240001,0
247,1417521759,117998481,8,100,99,1256,18590001,0
248,1417521759,127998353,10,100,96,1848,20226001,0
248,1417521759,127998353,4,100,99,1256,15059001,0
248,1417521759,127998353,9,100,101,1765,20174001,0
248,1417521759,133998275,6,100,98,1882,20137001,0
248,1417521759,134998262,2,100,99,1882,20147001,0
249,1417521759,134998262,5,100,101,1765,20207001,0
249,1417521759,134998262,7,100,101,1838,20194001,0
249,1417521759,137998224,1,100,101,1765,20210001,0
249,1417521759,138998211,3,100,101,1838,20190001,0
249,1417521759,138998211,8,100,99,1253,18570001,0
250,1417521759,147998095,10,100,97,1848,20198001,0
250,1417521759,147998095,4,100,99,1253,14972001,0
250,1417521759,147998095,6,100,99,1882,20148001,0
250,1417521759,154998005,5,100,101,1765,20152001,0
250,1417521759,154998005,2,100,99,1882,20194001,0
251,1417521759,154998005,9,100,101,1765,20117001,0
251,1417521759,154998005,3,100,101,1838,20213001,0
251,1417521759,158997953,7,100,101,1838,20185001,0
251,1417521759,158997953,1,100,101,1765,20157001,0
251,1417521759,158997953,8,100,99,1253,20355001,2
252,1417521759,167997838,10,100,98,1848,20260001,0
252,1417521759,167997838,4,100,99,1253,15098001,0
252,1417521759,167997838,9,100,101,1765,20141001,0
252,1417521759,174997747,2,100,96,1848,20170001,0
252,1417521759,174997747,6,100,99,1882,20237001,0
253,1417521759,174997747,5,100,101,1765,20193001,0
253,1417521759,174997747,7,100,102,1865,20270001,0
253,1417521759,178997696,1,100,101,1765,20271001,0
253,1417521759,178997696,3,100,101,1838,20233001,0
253,1417521759,178997696,10,100,99,1848,20279001,0
254,1417521759,187997580,8,100,99,1253,20209001,0
254,1417521759,187997580,4,100,99,1253,20349001,1
254,1417521759,188997567,6,100,96,1848,20138001,0
254,1417521759,194997490,9,100,101,1765,20177001,0
254,1417521759,194997490,2,100,97,1848,20228001,0
255,1417521759,194997490,5,100,101,1765,20197001,0
255,1417521759,194997490,3,100,102,1865,19978001,0
255,1417521759,198997438,1,100,101,1765,20006001,0
255,1417521759,198997438,7,100,101,1865,20173001,0
255,1417521759,198997438,10,100,97,1819,20270001,0
256,1417521759,208997310,8,100,99,1243,18667001,0
256,1417521759,208997310,4,100,99,1243,15013001,0
256,1417521759,208997310,9,100,101,1765,20110001,0
256,1417521759,214997232,2,100,98,1848,20208001,0
256,1417521759,215997220,5,100,101,1765,20168001,0
257,1417521759,215997220,6,100,97,1848,20162001,0
257,1417521759,215997220,7,100,101,1865,20183001,0
257,1417521759,218997181,1,100,101,1765,20228001,0
257,1417521759,218997181,3,100,101,1865,20168001,0
257,1417521759,219997168,8,100,99,1243,20299001,2
258,1417521759,228997052,10,100,98,1819,20261001,0
258,1417521759,228997052,4,100,99,1243,15007001,0
258,1417521759,228997052,5,100,101,1765,20127001,0
258,1417521759,235996962,6,100,98,1848,20201001,0
258,1417521759,235996962,9,100,101,1765,20208001,0
259,1417521759,235996962,2,100,99,1848,20115001,0
259,1417521759,235996962,3,100,101,1865,20183001,0
259,1417521759,239996911,7,100,102,1887,20184001,0
259,1417521759,239996911,1,100,101,1765,20215001,0
259,1417521759,239996911,10,100,99,1819,20294001,1
260,1417521759,248996795,8,100,99,1243,18631001,0
260,1417521759,248996795,4,100,99,1243,20274001,1
260,1417521759,248996795,9,100,101,1765,20213001,0
260,1417521759,255996705,6,100,99,1848,20199001,0
260,1417521759,255996705,5,100,101,1765,20131001,0
261,1417521759,255996705,2,100,97,1819,20208001,0
261,1417521759,255996705,3,100,102,1887,20190001,0
261,1417521759,259996653,1,100,101,1765,20212001,0
261,1417521759,259996653,7,100,101,1887,20227001,0
261,1417521759,259996653,8,100,99,1243,18757001,0
262,1417521759,268996537,10,100,98,1800,20282001,0
262,1417521759,269996524,4,100,99,1243,20216001,0
262,1417521759,269996524,6,100,97,1819,20211001,0
262,1417521759,275996447,5,100,101,1765,20167001,0
262,1417521759,275996447,2,100,98,1819,20457001,0
263,1417521759,275996447,9,100,101,1765,21811001,0
263,1417521759,276996434,1,100,101,1765,20231001,0
263,1417521759,279996396,7,100,101,1887,20231001,0
263,1417521759,279996396,3,100,101,1887,20269001,0
263,1417521759,279996396,8,100,99,1246,20339001,2
264,1417521759,289996267,10,100,99,1800,20247001,0
264,1417521759,289996267,4,100,99,1246,14657001,0
264,1417521759,289996267,6,100,98,1819,20040001,0
264,1417521759,295996190,5,100,94,1691,20267001,0
264,1417521759,296996177,2,100,99,1819,20412001,3
265,1417521759,296996177,9,100,94,1691,17741001,0
265,1417521759,296996177,7,100,102,1909,20227001,0
265,1417521759,299996138,1,100,94,1691,20139001,0
265,1417521759,299996138,3,100,101,1887,20122001,0
265,1417521759,300996125,8,100,99,1246,20191001,0
266,1417521759,309996009,10,100,99,1800,20230001,0
266,1417521759,309996009,4,100,99,1246,14983001,0
266,1417521759,309996009,6,100,99,1819,20012001,0
266,1417521759,316995919,5,100,95,1691,20336001,1
266,1417521759,316995919,2,100,98,1800,19822001,0
267,1417521759,316995919,9,100,95,1691,17717001,0
267,1417521759,316995919,7,100,101,1909,20260001,0
267,1417521759,320995868,1,100,95,1691,20180001,0
267,1417521759,320995868,3,100,102,1909,20157001,0
267,1417521759,320995868,10,100,99,1791,20233001,0
268,1417521759,329995752,8,100,99,1246,18748001,0
268,1417521759,329995752,4,100,99,1246,14779001,0
268,1417521759,329995752,6,100,98,1800,20337002,2
268,1417521759,336995662,5,100,96,1691,20253001,0
268,1417521759,336995662,2,100,99,1800,20253001,1
269,1417521759,336995662,9,100,96,1691,17765002,0
269,1417521759,336995662,7,100,101,1909,20223001,0
269,1417521759,340995610,1,100,96,1691,20163001,0
269,1417521759,340995610,3,100,101,1909,20229001,0
269,1417521759,340995610,8,100,99,1249,20325002,1
270,1417521759,349995494,10,100,99,1791,20205002,0
270,1417521759,349995494,4,100,99,1249,14817001,0
270,1417521759,349995494,5,100,97,1691,20324002,1
270,1417521759,356995404,2,100,99,1800,20187001,0
270,1417521759,356995404,6,100,99,1800,20183001,0
271,1417521759,356995404,9,100,97,1691,20301001,1
271,1417521759,356995404,3,100,101,1909,20221002,0
271,1417521759,360995353,1,100,97,1691,20193002,0
271,1417521759,360995353,7,100,101,1909,20221002,0
271,1417521759,360995353,10,100,99,1791,20271001,0
272,1417521759,369995237,8,100,99,1249,20322002,1
272,1417521759,370995224,4,100,99,1249,14872001,0
272,1417521759,370995224,5,100,98,1691,20235001,0
272,1417521759,376995147,2,100,99,1791,20245002,0
272,1417521759,376995147,6,100,99,1800,20209002,0
273,1417521759,377995134,9,100,98,1691,17991002,0
273,1417521759,377995134,3,100,101,1909,20244001,0
273,1417521759,380995095,1,100,98,1691,20195002,0
273,1417521759,380995095,7,100,101,1921,20198001,0
273,1417521759,380995095,8,100,99,1249,20119002,0
274,1417521759,390994967,10,100,99,1791,20306001,1
274,1417521759,390994967,4,100,99,1249,14861002,0
274,1417521759,390994967,2,100,99,1791,20102002,0
274,1417521759,397994876,5,100,99,1691,20083002,0
274,1417521759,397994876,6,100,99,1791,20145002,0
275,1417521759,397994876,9,100,99,1691,17855002,0
275,1417521759,397994876,7,100,101,1921,20165002,0
275,1417521759,400994838,1,100,99,1691,20114002,0
275,1417521759,401994825,3,100,101,1921,20128002,0
275,1417521759,401994825,8,100,98,1232,18691002,0
276,1417521759,410994709,10,100,100,1802,20172002,0
276,1417521759,410994709,4,100,98,1232,14923002,0
276,1417521759,410994709,5,100,99,1691,20153002,0
276,1417521759,417994619,2,100,99,1791,20188002,0
276,1417521759,417994619,6,100,99,1791,20194002,0
277,1417521759,417994619,9,100,99,1691,17928002,0
277,1417521759,417994619,7,100,101,1921,20192002,0
277,1417521759,421994567,1,100,99,1691,20226002,0
277,1417521759,421994567,3,100,101,1921,20155002,0
277,1417521759,421994567,10,100,100,1802,20172002,0
278,1417521759,430994452,8,100,99,1232,20290002,2
278,1417521759,430994452,4,100,99,1232,20303002,1
278,1417521759,430994452,5,100,99,1691,20160002,0
278,1417521759,437994361,2,100,99,1791,20179002,0
278,1417521759,437994361,6,100,99,1791,20235002,0
279,1417521759,437994361,9,100,99,1691,18035002,0
279,1417521759,437994361,7,100,102,1950,20226002,0
279,1417521759,441994310,1,100,99,1691,20227002,0
279,1417521759,441994310,3,100,101,1921,20220002,0
279,1417521759,441994310,10,100,100,1802,20230002,0
280,1417521759,450994194,8,100,99,1232,20204002,0
280,1417521759,450994194,4,100,99,1232,20236002,0
280,1417521759,451994181,6,100,99,1791,20115002,0
280,1417521759,457994104,5,100,99,1691,20251002,1
280,1417521759,458994091,2,100,100,1802,20147002,0
281,1417521759,458994091,9,100,99,1691,17982002,0
281,1417521759,458994091,7,100,101,1950,20179002,0
281,1417521759,461994052,1,100,99,1691,20190002,0
281,1417521759,461994052,3,100,102,1950,20218002,0
281,1417521759,461994052,10,100,101,1822,20267002,0
282,1417521759,471993924,8,100,99,1232,18761002,0
282,1417521759,471993924,4,100,99,1232,20242002,0
282,1417521759,471993924,2,100,100,1802,20226002,0
282,1417521759,478993834,5,100,99,1691,20352002,0
282,1417521759,478993834,6,100,100,1802,20415002,0
283,1417521759,478993834,9,100,99,1691,20319002,1
283,1417521759,478993834,1,100,99,1691,20205002,0
283,1417521759,481993795,7,100,101,1950,20234002,0
283,1417521759,481993795,3,100,101,1950,20165002,0
283,1417521759,482993782,10,100,101,1822,20269002,0
284,1417521759,491993666,8,100,98,1216,20354002,2
284,1417521759,491993666,4,100,98,1216,14859002,0
284,1417521759,491993666,5,100,99,1691,20224002,0
284,1417521759,498993576,2,100,100,1802,20169002,0
284,1417521759,498993576,6,100,100,1802,20181002,0
285,1417521759,498993576,9,100,99,1691,18054002,0
285,1417521759,498993576,1,100,99,1691,20120002,0
285,1417521759,502993525,7,100,103,1985,20225002,0
285,1417521759,502993525,3,100,101,1950,20134002,0
285,1417521759,502993525,8,100,99,1216,20215002,0
286,1417521759,511993409,10,100,101,1822,20308002,1
286,1417521759,511993409,4,100,99,1216,14622002,0
286,1417521759,511993409,5,100,99,1691,20182002,0
286,1417521759,518993319,2,100,101,1822,20227002,0
286,1417521759,518993319,6,100,100,1802,20178002,0
287,1417521759,518993319,9,100,99,1691,17955002,0
287,1417521759,519993306,1,100,99,1691,20188002,0
287,1417521759,522993267,7,100,102,1985,20227002,0
287,1417521759,522993267,3,100,103,1985,20201002,0
287,1417521759,522993267,10,100,101,1835,20243002,0
288,1417521759,531993151,8,100,99,1216,20212002,0
288,1417521759,531993151,4,100,99,1216,14707002,0
288,1417521759,531993151,2,100,101,1822,20185002,0
288,1417521759,538993061,5,100,99,1691,20197002,0
288,1417521759,539993048,6,100,101,1822,20232002,0
289,1417521759,539993048,9,100,99,1691,18031002,0
289,1417521759,539993048,1,100,99,1691,20178002,0
289,1417521759,542993010,7,100,101,1985,20178002,0
289,1417521759,542993010,3,100,102,1985,20225002,0
289,1417521759,542993010,8,100,98,1197,20237002,0
290,1417521759,550992907,10,100,101,1835,20267002,0
290,1417521759,550992907,4,100,98,1197,20350002,1
290,1417521759,553992868,6,100,101,1822,20219002,0
290,1417521759,559992791,2,100,101,1822,20223002,0
290,1417521759,559992791,5,100,99,1691,20233002,0
291,1417521759,559992791,9,100,99,1691,18119002,0
291,1417521759,559992791,7,100,101,1985,20216002,0
291,1417521759,562992752,1,100,99,1691,20176002,0
291,1417521759,562992752,3,100,101,1985,20200002,0
291,1417521759,562992752,10,100,101,1835,20350002,0
292,1417521759,570992649,8,100,99,1197,20409002,1
292,1417521759,571992636,4,100,99,1197,20259002,0
292,1417521759,573992611,5,100,99,1691,20302002,0
292,1417521759,578992546,6,100,101,1822,20338002,0
292,1417521759,578992546,2,100,101,1835,20235002,0
293,1417521759,579992533,9,100,99,1691,18245002,0
293,1417521759,581992508,1,100,99,1691,20252002,0
293,1417521759,582992495,3,100,101,1985,20241002,0
293,1417521759,583992482,7,100,100,1977,20220002,0
293,1417521759,583992482,10,100,101,1835,20263000,0
294,1417521759,591992379,8,100,99,1197,20140000,0
294,1417521759,591992379,4,100,99,1197,20295000,0
294,1417521759,594992340,6,100,101,1835,20070000,0
294,1417521759,599992276,5,100,99,1691,20112000,0
294,1417521759,599992276,2,100,101,1835,20053000,0
295,1417521759,599992276,9,100,99,1691,18230000,0
295,1417521759,600992263,7,100,100,1977,20194000,0
295,1417521759,603992224,1,100,99,1691,20077000,0
295,1417521759,603992224,3,100,100,1977,20118000,0
295,1417521759,603992224,10,100,100,1832,20298000,0
296,1417521759,611992121,8,100,97,1171,18859000,0
296,1417521759,611992121,4,100,97,1171,14406000,0
296,1417521759,614992083,2,100,101,1835,19867000,0
296,1417521759,619992018,5,100,99,1691,19835000,0
296,1417521759,620992005,6,100,101,1835,19935000,0
297,1417521759,620992005,9,100,99,1691,20370000,1
297,1417521759,620992005,1,100,99,1691,20188000,0
297,1417521759,623991967,7,100,100,1977,20188000,0
297,1417521759,623991967,3,100,100,1977,20214000,0
297,1417521759,623991967,10,100,100,1832,20246000,0
298,1417521759,632991851,8,100,98,1171,20327000,2
298,1417521759,632991851,4,100,98,1171,14693000,0
298,1417521759,634991825,5,100,99,1691,20184000,0
298,1417521759,640991748,2,100,101,1835,20221000,0
298,1417521759,640991748,6,100,101,1835,20172000,0
299,1417521759,640991748,9,100,99,1691,18409000,0
299,1417521759,640991748,7,100,99,1974,20222000,0
299,1417521759,643991709,1,100,99,1691,20195000,0
299,1417521759,643991709,3,100,100,1977,20183000,0
299,1417521759,643991709,8,100,99,1171,20197000,0
300,1417521759,652991593,10,100,100,1832,20205000,0
300,1417521759,652991593,4,100,99,1171,14676000,0
300,1417521759,654991568,2,100,100,1832,20148000,0
300,1417521759,660991490,6,100,101,1835,20281000,0
300,1417521759,660991490,5,100,99,1691,20190000,0
301,1417521759,660991490,9,100,99,1691,18508000,0
301,1417521759,660991490,3,100,99,1974,20216000,0
301,1417521759,663991452,7,100,99,1974,20154000,0
301,1417521759,663991452,1,100,99,1691,20140000,0
301,1417521759,664991439,10,100,99,1819,21076000,1
302,1417521759,673991323,8,100,99,1171,20271000,0
302,1417521759,673991323,4,100,99,1171,14646000,0
302,1417521759,675991297,5,100,99,1691,20274000,0
302,1417521759,680991233,2,100,100,1832,20307000,0
302,1417521759,680991233,6,100,100,1832,20374000,1
303,1417521759,680991233,9,100,99,1691,20446000,1
303,1417521759,682991207,1,100,99,1691,20199000,0
303,1417521759,682991207,7,100,99,1974,20243000,0
303,1417521759,682991207,3,100,99,1974,20253000,0
303,1417521759,682991207,10,100,99,1819,20851000,4
304,1417521759,693991066,8,100,98,1160,20917000,2
304,1417521759,693991066,4,100,98,1160,14798000,0
304,1417521759,695991040,5,100,99,1691,20244000,0
304,1417521759,700990975,2,100,100,1832,20166000,0
304,1417521759,701990963,6,100,100,1832,20239000,0
305,1417521759,701990963,9,100,99,1691,18544000,0
305,1417521759,702990950,7,100,99,1971,20234000,0
305,1417521759,702990950,1,100,99,1691,20357000,1
305,1417521759,703990937,3,100,99,1974,20167000,0
305,1417521759,703990937,10,100,99,1819,20613000,5
306,1417521759,713990808,8,100,99,1160,20847000,7
306,1417521759,714990795,4,100,99,1160,14802000,0
306,1417521759,715990782,2,100,99,1819,20153000,0
306,1417521759,721990705,5,100,99,1691,20192000,0
306,1417521759,721990705,6,100,100,1832,20205000,0
307,1417521759,721990705,9,100,99,1691,18669000,0
307,1417521759,723990679,3,100,99,1971,20164000,0
307,1417521759,723990679,1,100,99,1691,20163000,0
307,1417521759,723990679,7,100,99,1971,20225000,0
307,1417521759,723990679,8,100,99,1160,20546000,1
308,1417521759,734990538,10,100,99,1818,19951000,0
308,1417521759,734990538,4,100,99,1160,14577000,0
308,1417521759,734990538,5,100,99,1691,20161000,0
308,1417521759,741990448,2,100,99,1819,20202000,0
308,1417521759,741990448,6,100,99,1819,20233000,0
309,1417521759,741990448,9,100,99,1691,18839000,0
309,1417521759,743990422,7,100,99,1971,20177000,0
309,1417521759,743990422,1,100,99,1691,20170000,0
309,1417521759,743990422,3,100,99,1971,20183000,0
309,1417521759,743990422,10,100,99,1818,20194000,0
310,1417521759,754990280,8,100,99,1163,20492000,6
310,1417521759,754990280,4,100,99,1163,14634000,0
310,1417521759,755990267,5,100,99,1691,20133000,0
310,1417521759,761990190,2,100,99,1819,20170000,0
310,1417521759,761990190,6,100,99,1819,20061000,0
311,1417521759,762990177,9,100,99,1691,18706000,0
311,1417521759,763990164,3,100,99,1971,20125000,0
311,1417521759,763990164,1,100,99,1691,20259000,0
311,1417521759,763990164,7,100,99,1971,20182000,0
311,1417521759,763990164,10,100,99,1818,20392000,0
312,1417521759,775990010,8,100,99,1163,20465000,0
312,1417521759,775990010,4,100,99,1163,14548000,0
312,1417521759,775990010,2,100,99,1818,20296000,0
312,1417521759,782989920,6,100,99,1819,20223000,0
312,1417521759,782989920,5,100,99,1691,20188000,0
313,1417521759,782989920,9,100,99,1691,18691000,0
313,1417521759,784989894,7,100,98,1955,20245000,0
313,1417521759,784989894,1,100,99,1691,20185000,0
313,1417521759,784989894,3,100,99,1971,20213000,0
313,1417521759,784989894,8,100,99,1163,20068000,0
314,1417521759,795989752,10,100,99,1818,20255000,0
314,1417521759,795989752,4,100,99,1163,14586000,0
314,1417521759,795989752,6,100,99,1818,20047000,0
314,1417521759,802989662,2,100,99,1818,20290000,0
314,1417521759,802989662,5,100,99,1691,20234000,0
315,1417521759,802989662,9,100,99,1691,20377000,1
315,1417521759,804989637,7,100,99,1955,20253000,0
315,1417521759,804989637,1,100,99,1691,20173000,0
315,1417521759,804989637,3,100,98,1955,20227000,0
315,1417521759,804989637,10,100,101,1844,20214000,0
316,1417521759,815989495,8,100,99,1159,20265000,0
316,1417521759,815989495,4,100,99,1159,20384000,1
316,1417521759,816989482,6,100,99,1818,20178000,0
316,1417521759,822989405,2,100,99,1818,20203000,0
316,1417521759,822989405,5,100,99,1691,20285000,0
317,1417521759,822989405,9,100,99,1691,20309000,0
317,1417521759,824989379,1,100,99,1691,20147000,0
317,1417521759,824989379,7,100,99,1955,20156000,0
317,1417521759,824989379,3,100,99,1955,20207000,0
317,1417521759,824989379,10,100,101,1844,20233000,0
318,1417521759,836989225,8,100,99,1159,19653000,0
318,1417521759,836989225,4,100,99,1159,20228000,0
318,1417521759,836989225,6,100,99,1818,20104000,0
318,1417521759,842989147,2,100,99,1818,20258000,0
318,1417521759,842989147,5,100,90,1592,20168000,0
319,1417521759,843989134,9,100,90,1592,20309000,0
319,1417521759,844989122,3,100,99,1955,20207000,0
319,1417521759,845989109,1,100,90,1592,20054000,0
319,1417521759,845989109,7,100,99,1962,19976000,0
319,1417521759,845989109,10,100,101,1844,20384000,1
320,1417521759,856988967,8,100,99,1159,19892000,0
320,1417521759,856988967,4,100,99,1159,14631000,0
320,1417521759,856988967,6,100,99,1818,20193000,0
320,1417521759,863988877,2,100,101,1844,20192000,0
320,1417521759,863988877,5,100,91,1592,20158000,0
321,1417521759,863988877,9,100,91,1592,18927000,0
321,1417521759,865988851,3,100,99,1962,20212000,0
321,1417521759,865988851,1,100,91,1592,20270000,1
321,1417521759,865988851,7,100,99,1962,20152000,0
321,1417521759,865988851,10,100,102,1873,20243000,0
322,1417521759,876988710,8,100,99,1159,20326000,2
322,1417521759,876988710,4,100,99,1159,20758000,6
322,1417521759,876988710,2,100,101,1844,20215000,0
322,1417521759,883988619,6,100,101,1844,20199000,0
322,1417521759,883988619,5,100,92,1592,20178000,0
323,1417521759,883988619,9,100,92,1592,19095000,0
323,1417521759,885988594,1,100,92,1592,20192000,0
323,1417521759,885988594,7,100,99,1962,20218000,0
323,1417521759,885988594,3,100,99,1962,20194000,0
323,1417521759,885988594,8,100,98,1140,20313000,0
324,1417521759,896988452,10,100,101,1873,20229000,0
324,1417521759,897988439,4,100,98,1140,20579000,1
324,1417521759,897988439,6,100,101,1844,20171000,0
324,1417521759,903988362,2,100,101,1844,20258000,0
324,1417521759,903988362,5,100,93,1592,20163000,0
325,1417521759,903988362,9,100,93,1592,18952000,0
325,1417521759,905988336,7,100,99,1954,20192000,0
325,1417521759,905988336,1,100,93,1592,20194000,0
325,1417521759,905988336,3,100,99,1962,20222000,0
325,1417521759,905988336,8,100,99,1140,20337000,1
326,1417521759,917988182,10,100,101,1873,20267000,0
326,1417521759,917988182,4,100,99,1140,20484000,6
326,1417521759,917988182,6,100,101,1844,20226000,0
326,1417521759,923988104,2,100,102,1873,20207000,0
326,1417521759,923988104,5,100,94,1592,20186000,0
327,1417521759,923988104,9,100,94,1592,20289000,1
327,1417521759,925988079,7,100,99,1954,20233000,0
327,1417521759,925988079,1,100,94,1592,20198000,0
327,1417521759,926988066,3,100,99,1954,20183000,0
327,1417521759,926988066,8,100,99,1140,20187000,0
328,1417521759,937987924,10,100,104,1920,20146000,0
328,1417521759,937987924,4,100,99,1140,20205000,0
328,1417521759,937987924,2,100,101,1873,20169001,0
328,1417521759,943987847,6,100,102,1873,20203001,0
328,1417521759,944987834,5,100,95,1592,20220000,0
329,1417521759,944987834,9,100,95,1592,20251000,0
329,1417521759,946987808,7,100,99,1954,20187001,0
329,1417521759,946987808,1,100,95,1592,20224001,0
329,1417521759,946987808,3,100,99,1954,20226000,0
329,1417521759,946987808,10,100,103,1920,20188000,0
330,1417521759,957987667,8,100,98,1127,20171001,0
330,1417521759,957987667,4,100,98,1127,20252000,0
330,1417521759,957987667,2,100,101,1873,20207001,0
330,1417521759,964987577,6,100,101,1873,20171001,0
330,1417521759,964987577,5,100,96,1592,20210000,0
331,1417521759,964987577,9,100,96,1592,20225000,0
331,1417521759,966987551,1,100,96,1592,20192000,0
331,1417521759,966987551,7,100,99,1954,20223000,0
331,1417521759,966987551,3,100,99,1954,21634001,0
331,1417521759,968987525,10,100,102,1920,20283001,0
332,1417521759,977987409,8,100,99,1127,20321001,0
332,1417521759,978987396,4,100,99,1127,20405000,6
332,1417521759,978987396,5,100,97,1592,20223001,0
332,1417521759,984987319,6,100,101,1873,20190001,0
332,1417521759,984987319,2,100,104,1920,20223001,0
333,1417521759,984987319,9,100,97,1592,20252001,0
333,1417521759,986987293,7,100,99,1951,20184001,0
333,1417521759,986987293,1,100,97,1592,20249001,0
333,1417521759,986987293,3,100,99,1954,11392001,0
333,1417521759,989987255,10,100,101,1920,20195001,0
334,1417521759,998987139,8,100,99,1127,20334001,1
334,1417521759,998987139,4,100,99,1127,20168001,0
334,1417521759,998987139,6,100,104,1920,20205001,0
334,1417521760,4999936,2,100,103,1920,20257001,0
334,1417521760,4999936,5,100,98,1592,20166001,0
335,1417521760,4999936,9,100,98,1592,20259001,0
335,1417521760,6999910,1,100,98,1592,20243001,0
335,1417521760,6999910,7,100,99,1951,20234001,0
335,1417521760,7999898,3,100,99,1951,11292001,0
335,1417521760,9999872,10,100,103,1952,20226001,0
336,1417521760,18999756,8,100,98,1107,20264001,0
336,1417521760,18999756,4,100,98,1107,20460001,1
336,1417521760,18999756,6,100,103,1920,20169001,0
336,1417521760,24999679,2,100,102,1920,20213001,0
336,1417521760,24999679,5,100,99,1592,20170001,0
337,1417521760,25999666,9,100,99,1592,19070001,0
337,1417521760,27999640,7,100,99,1951,20255001,0
337,1417521760,27999640,1,100,99,1592,18926001,0
337,1417521760,27999640,3,100,99,1951,11274001,0
337,1417521760,29999614,10,100,102,1952,20288001,0
338,1417521760,38999498,8,100,99,1107,20378001,1
338,1417521760,38999498,4,100,99,1107,20453001,3
338,1417521760,39999486,2,100,101,1920,20147001,0
338,1417521760,44999421,6,100,102,1920,20203001,0
338,1417521760,45999408,5,100,99,1592,20087001,0
339,1417521760,45999408,9,100,99,1592,19078001,0
339,1417521760,47999383,7,100,99,1959,20197001,0
339,1417521760,47999383,1,100,99,1592,20298001,1
339,1417521760,47999383,3,100,99,1951,11312001,0
339,1417521760,49999357,10,100,101,1952,20225001,0
340,1417521760,58999241,8,100,99,1107,20324001,0
340,1417521760,59999228,4,100,99,1107,20339001,4
340,1417521760,59999228,5,100,99,1592,20280001,1
340,1417521760,65999151,6,100,101,1920,20221001,0
340,1417521760,65999151,2,100,103,1952,20185001,0
341,1417521760,65999151,9,100,99,1592,19161001,0
341,1417521760,67999125,7,100,99,1959,20241001,0
341,1417521760,67999125,1,100,99,1592,20310001,1
341,1417521760,67999125,3,100,99,1959,20299001,1
341,1417521760,70999086,10,100,101,1970,20297001,0
342,1417521760,79998971,8,100,99,1107,20261001,0
342,1417521760,79998971,4,100,99,1107,20439001,1
342,1417521760,79998971,2,100,102,1952,20244001,0
342,1417521760,85998893,6,100,103,1952,20278001,0
342,1417521760,85998893,5,100,99,1592,20126001,0
343,1417521760,85998893,9,100,99,1592,20380001,1
343,1417521760,87998868,7,100,99,1959,20280001,0
343,1417521760,88998855,1,100,99,1592,20246001,0
343,1417521760,88998855,3,100,99,1959,20307001,0
343,1417521760,90998829,8,100,97,1078,20228001,0
344,1417521760,99998713,10,100,101,1970,20322001,0
344,1417521760,99998713,4,100,97,1078,20259001,0
344,1417521760,99998713,5,100,99,1592,20068001,0
344,1417521760,106998623,6,100,102,1952,20074001,0
344,1417521760,106998623,2,100,101,1952,20326001,0
345,1417521760,106998623,9,100,99,1592,19199001,0
345,1417521760,108998597,7,100,97,1932,20238001,0
345,1417521760,108998597,1,100,99,1592,20185001,0
345,1417521760,108998597,3,100,99,1959,20270001,0
345,1417521760,110998571,8,100,98,1078,20335001,1
346,1417521760,120998443,10,100,101,1970,20218001,0
346,1417521760,120998443,4,100,98,1078,20110001,0
346,1417521760,121998430,5,100,99,1592,19982001,0
346,1417521760,127998353,2,100,101,1970,20026001,0
346,1417521760,127998353,6,100,101,1952,20153001,0
347,1417521760,127998353,9,100,99,1592,20368001,1
347,1417521760,129998327,1,100,99,1592,20200001,0
347,1417521760,129998327,7,100,98,1932,20232001,0
347,1417521760,129998327,3,100,97,1932,20266001,0
347,1417521760,131998301,8,100,99,1078,20225001,0
348,1417521760,141998172,10,100,101,1983,20196001,0
348,1417521760,141998172,4,100,99,1078,19838001,0
348,1417521760,141998172,5,100,99,1592,20345001,1
348,1417521760,147998095,6,100,101,1970,20472001,1
348,1417521760,147998095,2,100,101,1970,20343001,2
349,1417521760,147998095,9,100,99,1592,19279001,0
349,1417521760,149998069,7,100,99,1932,20218001,0
349,1417521760,149998069,1,100,99,1592,20227001,0
349,1417521760,149998069,3,100,98,1932,20251001,0
349,1417521760,152998031,8,100,99,1078,20335001,0
350,1417521760,161997915,10,100,101,1983,20309001,0
350,1417521760,161997915,4,100,99,1078,19688001,0
350,1417521760,161997915,5,100,99,1592,20274001,0
350,1417521760,167997838,6,100,101,1970,20343001,1
350,1417521760,167997838,2,100,101,1970,20463001,0
351,1417521760,167997838,9,100,99,1592,20360001,1
351,1417521760,170997799,1,100,99,1592,20189001,0
351,1417521760,170997799,7,100,99,1932,20201001,0
351,1417521760,170997799,3,100,99,1932,20245001,0
351,1417521760,172997773,8,100,99,1078,20456001,1
352,1417521760,181997657,10,100,101,1983,20356001,0
352,1417521760,181997657,4,100,99,1078,19595001,0
352,1417521760,181997657,5,100,99,1592,20260001,0
352,1417521760,187997580,6,100,101,1970,20317001,2
352,1417521760,187997580,2,100,101,1983,17840001,0
353,1417521760,187997580,9,100,99,1592,19323001,0
353,1417521760,190997541,7,100,96,1900,20138001,0
353,1417521760,190997541,1,100,99,1592,20149001,0
353,1417521760,190997541,3,100,99,1932,20247001,0
353,1417521760,192997516,10,100,101,1983,20237001,0
354,1417521760,201997400,8,100,99,1078,20361001,1
354,1417521760,202997387,4,100,99,1078,19489001,0
354,1417521760,202997387,5,100,99,1592,20184001,0
354,1417521760,208997310,6,100,101,1983,20246001,0
354,1417521760,208997310,2,100,101,1983,20366001,3
355,1417521760,208997310,9,100,99,1592,19399001,0
355,1417521760,210997284,1,100,99,1592,20212001,0
355,1417521760,210997284,7,100,97,1900,20227001,0
355,1417521760,210997284,3,100,96,1900,10946001,0
355,1417521760,212997258,8,100,98,1064,20219001,0
356,1417521760,222997129,10,100,99,1955,20283001,1
356,1417521760,222997129,4,100,98,1064,20306001,1
356,1417521760,222997129,2,100,101,1983,20204001,0
356,1417521760,228997052,6,100,101,1983,20319001,0
356,1417521760,228997052,5,100,99,1592,20219001,0
357,1417521760,228997052,9,100,99,1592,20314001,1
357,1417521760,230997026,7,100,98,1900,20226001,0
357,1417521760,230997026,1,100,99,1592,20264001,0
357,1417521760,231997014,3,100,97,1900,10769001,0
357,1417521760,232997001,8,100,99,1064,19832001,0
358,1417521760,242996872,10,100,99,1955,20126001,0
358,1417521760,242996872,4,100,99,1064,19255001,0
358,1417521760,242996872,6,100,101,1983,20189001,0
358,1417521760,248996795,2,100,101,1983,20155001,0
358,1417521760,248996795,5,100,92,1520,20274001,1
359,1417521760,248996795,9,100,92,1520,20221001,0
359,1417521760,251996756,1,100,92,1520,20202001,0
359,1417521760,251996756,7,100,96,1871,20235001,0
359,1417521760,251996756,3,100,98,1900,10928001,0
359,1417521760,253996730,10,100,99,1955,20232001,0
360,1417521760,262996615,8,100,99,1064,20221001,0
360,1417521760,262996615,4,100,99,1064,19300001,0
360,1417521760,262996615,2,100,99,1955,20179001,0
360,1417521760,268996537,6,100,101,1983,20166001,0
360,1417521760,268996537,5,100,93,1520,20164001,0
361,1417521760,269996524,9,100,93,1520,19489001,0
361,1417521760,271996499,7,100,97,1871,20244001,0
361,1417521760,271996499,1,100,93,1520,20228001,0
361,1417521760,271996499,3,100,96,1871,22538001,4
361,1417521760,273996473,10,100,99,1959,20362001,1
362,1417521760,282996357,4,100,99,1064,18963001,0
362,1417521760,283996344,8,100,99,1064,20270001,0
362,1417521760,284996331,6,100,99,1955,20318001,1
362,1417521760,288996280,2,100,99,1955,20251001,0
362,1417521760,289996267,5,100,94,1520,20280001,0
363,1417521760,289996267,9,100,94,1520,19400001,0
363,1417521760,291996241,1,100,94,1520,20310001,1
363,1417521760,291996241,7,100,98,1871,20276001,0
363,1417521760,291996241,3,100,97,1871,20124001,0
363,1417521760,293996215,10,100,99,1959,20296001,0
364,1417521760,303996087,4,100,98,1052,21260001,1
364,1417521760,303996087,8,100,98,1052,20314001,0
364,1417521760,305996061,2,100,99,1955,20315001,1
364,1417521760,309996009,6,100,99,1955,20258001,0
364,1417521760,309996009,5,100,95,1520,20197001,0
365,1417521760,309996009,9,100,95,1520,19442001,0
365,1417521760,311995984,1,100,95,1520,20212001,0
365,1417521760,311995984,7,100,95,1839,20231001,0
365,1417521760,311995984,3,100,98,1871,20350001,0
365,1417521760,314995945,10,100,99,1959,20293001,0
366,1417521760,323995829,4,100,99,1052,19692001,0
366,1417521760,323995829,8,100,99,1052,20239001,0
366,1417521760,325995803,2,100,99,1959,20206002,0
366,1417521760,329995752,6,100,99,1955,20246001,0
366,1417521760,329995752,5,100,96,1520,20162001,0
367,1417521760,329995752,9,100,96,1520,20330002,1
367,1417521760,331995726,7,100,96,1839,20225001,0
367,1417521760,332995713,1,100,96,1520,18677001,0
367,1417521760,332995713,3,100,95,1839,11070001,0
367,1417521760,334995688,10,100,101,1981,19167001,0
368,1417521760,343995572,4,100,99,1052,19689001,0
368,1417521760,343995572,8,100,99,1052,20222001,0
368,1417521760,345995546,6,100,99,1959,20251001,0
368,1417521760,349995494,2,100,99,1959,20206001,0
368,1417521760,349995494,5,100,97,1520,20187001,0
369,1417521760,349995494,9,100,97,1520,20259001,0
369,1417521760,352995456,1,100,97,1520,20304001,2
369,1417521760,352995456,7,100,97,1839,20262002,0
369,1417521760,352995456,3,100,96,1839,20457001,1
369,1417521760,354995430,10,100,101,1981,19241002,0
370,1417521760,364995301,4,100,99,1042,20388001,1
370,1417521760,364995301,8,100,99,1042,19652002,0
370,1417521760,364995301,2,100,99,1959,20169002,0
370,1417521760,369995237,6,100,99,1959,20305002,0
370,1417521760,370995224,5,100,98,1520,20187001,0
371,1417521760,370995224,9,100,98,1520,20319001,0
371,1417521760,372995198,1,100,98,1520,20125001,0
371,1417521760,372995198,7,100,98,1839,21345001,1
371,1417521760,372995198,3,100,97,1839,20270002,0
371,1417521760,375995160,10,100,101,1981,20456001,1
372,1417521760,384995044,4,100,99,1042,19718002,0
372,1417521760,384995044,8,100,99,1042,20368002,1
372,1417521760,384995044,2,100,101,1981,20155001,0
372,1417521760,390994967,6,100,99,1959,20159002,0
372,1417521760,390994967,5,100,99,1520,20103002,0
373,1417521760,390994967,9,100,99,1520,20071002,0
373,1417521760,392994941,1,100,99,1520,20096002,0
373,1417521760,392994941,7,100,98,1833,20105001,0
373,1417521760,392994941,3,100,98,1839,20210002,0
373,1417521760,395994902,10,100,101,1981,20262002,0
374,1417521760,404994786,4,100,99,1042,19737002,0
374,1417521760,404994786,8,100,99,1042,20252001,0
374,1417521760,404994786,5,100,99,1520,20221002,0
374,1417521760,410994709,6,100,101,1981,20187002,0
374,1417521760,410994709,2,100,101,1981,20182002,0
375,1417521760,410994709,9,100,99,1520,19488002,0
375,1417521760,412994683,1,100,99,1520,20223002,1
375,1417521760,413994670,7,100,99,1833,18587002,0
375,1417521760,413994670,3,100,98,1833,20140002,0
375,1417521760,415994645,10,100,101,1986,20241002,0
376,1417521760,424994529,4,100,98,1027,19709002,0
376,1417521760,425994516,8,100,98,1027,20294002,0
376,1417521760,426994503,6,100,101,1981,20174002,0
376,1417521760,430994452,2,100,101,1981,20180002,0
376,1417521760,430994452,5,100,99,1520,20232002,0
377,1417521760,430994452,9,100,99,1520,20301002,1
377,1417521760,433994413,1,100,99,1520,20280002,0
377,1417521760,433994413,7,100,99,1833,18607002,0
377,1417521760,433994413,3,100,99,1833,20237002,0
377,1417521760,435994387,10,100,101,1986,20301002,0
378,1417521760,445994258,4,100,99,1027,20310002,1
378,1417521760,445994258,8,100,99,1027,19355002,0
378,1417521760,445994258,5,100,99,1520,20147002,0
378,1417521760,450994194,2,100,101,1981,20208002,0
378,1417521760,450994194,6,100,101,1981,20227002,0
379,1417521760,451994181,9,100,99,1520,20264002,0
379,1417521760,453994155,7,100,99,1832,20243002,2
379,1417521760,453994155,1,100,99,1520,20240002,0
379,1417521760,453994155,3,100,99,1833,20324002,0
379,1417521760,455994130,10,100,101,1986,19235002,0
380,1417521760,465994001,4,100,99,1027,19622002,0
380,1417521760,465994001,8,100,99,1027,20331002,1
380,1417521760,465994001,5,100,99,1520,20169002,0
380,1417521760,471993924,2,100,101,1986,20122002,0
380,1417521760,471993924,6,100,101,1981,17708002,0
381,1417521760,471993924,9,100,99,1520,20265002,0
381,1417521760,473993898,7,100,99,1832,20255002,0
381,1417521760,473993898,1,100,99,1520,20189002,0
381,1417521760,473993898,3,100,99,1832,20199002,0
381,1417521760,476993859,10,100,103,2019,20417002,1
382,1417521760,485993743,4,100,99,1027,19639002,0
382,1417521760,485993743,8,100,99,1027,20232002,0
382,1417521760,485993743,5,100,99,1520,20099002,0
382,1417521760,491993666,6,100,101,1986,20305002,1
382,1417521760,491993666,2,100,101,1986,20178002,0
383,1417521760,491993666,9,100,99,1520,19541002,0
383,1417521760,493993640,7,100,99,1832,20244002,0
383,1417521760,494993628,1,100,99,1520,20182002,0
383,1417521760,494993628,3,100,99,1832,20264002,0
383,1417521760,496993602,10,100,102,2019,19377002,0
384,1417521760,505993486,4,100,97,1006,20318002,1
384,1417521760,506993473,8,100,97,1006,20245002,0
384,1417521760,506993473,6,100,101,1986,20278002,1
384,1417521760,511993409,5,100,99,1520,20229002,0
384,1417521760,511993409,2,100,101,1986,17784002,0
385,1417521760,511993409,9,100,99,1520,19622002,0
385,1417521760,514993370,7,100,99,1823,20236002,0
385,1417521760,514993370,1,100,99,1520,20306002,0
385,1417521760,514993370,3,100,99,1832,20333002,0
385,1417521760,516993344,10,100,101,2019,19395002,0
386,1417521760,526993216,4,100,98,1006,19662002,0
386,1417521760,526993216,8,100,98,1006,20280002,0
386,1417521760,526993216,6,100,101,1986,20013002,0
386,1417521760,531993151,5,100,99,1520,20203002,0
386,1417521760,531993151,2,100,103,2019,17682002,0
387,1417521760,532993138,9,100,99,1520,20369002,1
387,1417521760,534993113,7,100,99,1823,20303002,0
387,1417521760,534993113,1,100,99,1520,20397002,1
387,1417521760,534993113,3,100,99,1823,10804002,0
387,1417521760,537993074,10,100,99,2003,20368002,1
388,1417521760,546992958,4,100,99,1006,19684002,0
388,1417521760,546992958,8,100,99,1006,20322002,0
388,1417521760,546992958,5,100,99,1520,20189002,0
388,1417521760,552992881,6,100,103,2019,20362002,2
388,1417521760,552992881,2,100,102,2019,20368002,3
389,1417521760,552992881,9,100,99,1520,20307002,0
389,1417521760,554992855,7,100,99,1823,20240002,0
389,1417521760,554992855,1,100,99,1520,20205002,0
389,1417521760,555992842,3,100,99,1823,20434002,1
389,1417521760,557992817,10,100,99,2003,20268002,0
390,1417521760,567992688,4,100,98,988,19682002,0
390,1417521760,567992688,8,100,98,988,18634002,0
390,1417521760,567992688,6,100,102,2019,20089002,0
390,1417521760,572992623,5,100,99,1520,20202002,0
390,1417521760,572992623,2,100,101,2019,20417002,0
391,1417521760,572992623,9,100,99,1520,20249002,0
391,1417521760,575992585,7,100,99,1823,20290002,0
391,1417521760,575992585,1,100,99,1520,20233002,0
391,1417521760,575992585,3,100,99,1823,20334002,0
391,1417521760,577992559,10,100,99,2003,19539002,0
392,1417521760,587992430,4,100,99,988,19645002,0
392,1417521760,587992430,8,100,99,988,20356002,1
392,1417521760,587992430,6,100,101,2019,20154000,0
392,1417521760,592992366,5,100,99,1520,20068000,0
392,1417521760,592992366,2,100,99,2003,20199000,0
393,1417521760,592992366,9,100,99,1520,19675000,0
393,1417521760,595992327,7,100,97,1797,20244000,0
393,1417521760,595992327,1,100,99,1520,20242000,0
393,1417521760,595992327,3,100,99,1823,20276000,0
393,1417521760,598992289,10,100,99,2003,20442000,1
394,1417521760,607992173,4,100,99,988,19646000,0
394,1417521760,607992173,8,100,99,988,20216000,0
394,1417521760,607992173,5,100,99,1520,20170000,0
394,1417521760,612992108,6,100,99,2003,20158000,0
394,1417521760,613992096,2,100,99,2003,20227000,0
395,1417521760,613992096,9,100,99,1520,19802000,0
395,1417521760,615992070,1,100,99,1520,20265000,0
395,1417521760,615992070,7,100,98,1797,20293000,0
395,1417521760,616992057,3,100,97,1797,10765000,0
395,1417521760,618992031,10,100,100,2015,20344000,0
396,1417521760,627991915,4,100,99,980,19665000,0
396,1417521760,628991902,8,100,99,980,20218000,0
396,1417521760,628991902,6,100,99,2003,20147000,0
396,1417521760,633991838,5,100,99,1520,20103000,0
396,1417521760,633991838,2,100,99,2003,17602000,0
397,1417521760,633991838,9,100,99,1520,19940000,0
397,1417521760,636991799,7,100,99,1797,20241000,0
397,1417521760,636991799,1,100,99,1520,20229000,0
397,1417521760,636991799,3,100,98,1797,20429000,1
397,1417521760,638991774,10,100,100,2015,20335000,0
