Simulation time,DDS time seconds,DDS time nanoseconds,Turbine Id,Setpoint,Current production,Max production,MS since last write,Cache count
0,1417521855,352995456,3,80,81,1147,20251002,0
0,1417521855,394994915,53,80,79,1005,20732002,1
0,1417521855,395994902,57,80,79,1005,19688002,0
1,1417521855,395994902,51,80,80,2163,19631002,0
1,1417521855,395994902,3,80,81,1161,20220002,2
1,1417521855,409994722,53,80,79,1005,19491002,0
1,1417521855,409994722,57,80,79,1005,20046002,0
1,1417521855,409994722,51,80,78,2139,21064002,3
2,1417521855,409994722,3,80,81,1161,19880002,0
2,1417521855,429994464,53,80,79,1005,19751002,0
2,1417521855,429994464,57,80,79,1005,20597002,6
2,1417521855,429994464,51,80,79,2139,20055002,0
2,1417521855,429994464,3,80,81,1161,20430002,5
3,1417521855,449994207,53,80,79,1005,19447002,0
3,1417521855,450994194,57,80,79,1005,20006002,0
3,1417521855,450994194,51,80,79,2139,20558002,9
3,1417521855,450994194,3,80,81,1178,20034002,0
3,1417521855,470993937,53,80,79,1005,20091002,0
4,1417521855,470993937,57,80,79,1005,20776002,12
4,1417521855,470993937,51,80,81,2163,19953002,0
4,1417521855,470993937,3,80,81,1178,19958002,0
4,1417521855,490993679,57,80,79,1005,19933002,0
4,1417521855,490993679,53,80,79,1005,19355002,0
5,1417521855,490993679,51,80,81,2163,20370002,1
5,1417521855,491993666,3,80,81,1178,19864002,0
5,1417521855,510993422,57,80,79,1005,19743002,0
5,1417521855,510993422,53,80,79,1005,20731002,12
5,1417521855,510993422,51,80,81,2163,20467002,14
6,1417521855,511993409,3,80,81,1187,20099002,0
6,1417521855,530993164,53,80,79,1005,19733002,0
6,1417521855,531993151,51,80,81,2163,20270002,3
6,1417521855,531993151,57,80,79,1005,20126002,0
6,1417521855,531993151,3,80,81,1187,20042002,0
7,1417521855,551992894,53,80,79,1005,19290002,0
7,1417521855,551992894,57,80,79,1005,20184002,0
7,1417521855,551992894,51,80,81,2178,20331002,0
7,1417521855,551992894,3,80,81,1187,20094002,0
7,1417521855,571992636,57,80,79,1005,19981000,0
8,1417521855,571992636,53,80,79,1005,19820000,0
8,1417521855,571992636,51,80,81,2178,20654000,0
8,1417521855,571992636,3,80,81,1187,19834000,0
8,1417521855,591992379,57,80,79,1005,20658000,14
8,1417521855,591992379,53,80,79,1005,20792000,13
9,1417521855,591992379,51,80,81,2178,19968000,0
9,1417521855,592992366,3,80,81,1205,19731000,0
9,1417521855,611992121,57,80,79,1005,19941000,0
9,1417521855,612992108,53,80,79,1005,20558000,1
9,1417521855,612992108,51,80,81,2182,20250000,6
10,1417521855,612992108,3,80,81,1205,20105000,0
10,1417521855,632991851,57,80,79,1005,19654000,0
10,1417521855,632991851,53,80,79,1005,19972000,0
10,1417521855,632991851,51,80,81,2182,20240000,4
10,1417521855,632991851,3,80,81,1205,20152000,0
11,1417521855,652991593,57,80,74,954,20165000,0
11,1417521855,652991593,53,80,74,954,20999000,12
11,1417521855,653991581,51,80,81,2182,20028000,0
11,1417521855,653991581,3,80,82,1225,20130000,0
11,1417521855,672991336,57,80,75,954,19690000,0
12,1417521855,673991323,53,80,75,954,19550000,0
12,1417521855,673991323,51,80,83,2217,20629000,6
12,1417521855,673991323,3,80,81,1225,19721000,0
12,1417521855,693991066,57,80,76,954,20692000,12
12,1417521855,693991066,53,80,76,954,19658000,0
13,1417521855,693991066,51,80,82,2217,20044000,0
13,1417521855,693991066,3,80,81,1225,20209000,0
13,1417521855,713990808,57,80,77,954,20269000,0
13,1417521855,713990808,53,80,77,954,20056000,0
13,1417521855,713990808,51,80,81,2217,20609000,19
14,1417521855,714990795,3,80,81,1236,19936000,0
14,1417521855,733990551,53,80,78,954,20429000,5
14,1417521855,733990551,51,80,81,2217,20003000,0
14,1417521855,733990551,57,80,78,954,20958000,0
14,1417521855,734990538,3,80,81,1236,20370000,7
15,1417521855,753990293,53,80,79,954,20690000,6
15,1417521855,754990280,51,80,80,2208,19839000,0
15,1417521855,754990280,57,80,79,954,20171000,0
15,1417521855,754990280,3,80,81,1236,20343000,0
15,1417521855,774990023,53,80,79,954,20550000,1
16,1417521855,774990023,51,80,80,2208,20057000,0
16,1417521855,774990023,57,80,79,954,21314000,1
16,1417521855,774990023,3,80,81,1236,19875000,0
16,1417521855,794989765,51,80,80,2208,20506000,2
16,1417521855,794989765,53,80,79,954,20710000,1
17,1417521855,794989765,57,80,79,954,21298000,6
17,1417521855,794989765,3,80,82,1265,20029000,0
17,1417521855,814989508,53,80,79,954,20178000,0
17,1417521855,814989508,51,80,77,2176,19746000,0
17,1417521855,814989508,57,80,79,954,20097000,0
18,1417521855,814989508,3,80,81,1265,20197000,0
18,1417521855,834989250,51,80,78,2176,20779000,10
18,1417521855,834989250,53,80,79,954,20772000,9
18,1417521855,835989237,57,80,79,954,20899000,9
18,1417521855,835989237,3,80,81,1265,20124000,0
19,1417521855,855988980,51,80,79,2176,19583000,0
19,1417521855,855988980,53,80,79,954,19878000,0
19,1417521855,855988980,57,80,79,954,20733000,7
19,1417521855,855988980,3,80,82,1291,20379000,0
19,1417521855,875988722,51,80,74,2124,20825000,11
20,1417521855,875988722,53,80,79,954,20570000,3
20,1417521855,875988722,57,80,79,954,20834000,7
20,1417521855,876988710,3,80,81,1291,18543000,0
20,1417521855,895988465,51,80,75,2124,19749000,0
20,1417521855,896988452,53,80,79,954,20780000,5
21,1417521855,896988452,57,80,79,954,20048000,0
21,1417521855,896988452,3,80,81,1291,20169000,0
21,1417521855,916988195,51,80,76,2124,19820000,0
21,1417521855,916988195,53,80,79,954,19855000,0
21,1417521855,916988195,57,80,79,954,20878000,1
22,1417521855,917988182,3,80,81,1297,20262000,1
22,1417521855,936987937,51,80,77,2124,20085001,0
22,1417521855,936987937,53,80,79,954,21506001,8
22,1417521855,936987937,57,80,79,954,21779001,12
22,1417521855,936987937,3,80,81,1297,20097000,0
23,1417521855,957987667,51,80,73,2082,20747001,5
23,1417521855,957987667,53,80,79,954,20212001,0
23,1417521855,957987667,57,80,79,954,19907001,0
23,1417521855,958987654,3,80,81,1297,19883000,0
23,1417521855,978987396,51,80,74,2082,19411001,0
24,1417521855,978987396,53,80,79,954,20612001,4
24,1417521855,978987396,57,80,79,954,20564001,12
24,1417521855,978987396,3,80,81,1297,20178001,0
24,1417521855,998987139,53,80,79,954,20784001,11
24,1417521855,998987139,57,80,79,954,19970001,0
25,1417521855,998987139,51,80,75,2082,20505001,0
25,1417521855,998987139,3,80,82,1318,19719001,0
25,1417521856,18999756,53,80,79,954,21170001,2
25,1417521856,18999756,57,80,79,954,20684001,19
25,1417521856,18999756,51,80,75,2072,20261001,0
26,1417521856,18999756,3,80,81,1318,20085001,0
26,1417521856,38999498,57,80,79,954,19856001,0
26,1417521856,38999498,53,80,79,954,20144001,0
26,1417521856,39999486,51,80,76,2072,20671001,1
26,1417521856,39999486,3,80,81,1318,20060001,0
27,1417521856,59999228,53,80,79,954,19679001,0
27,1417521856,59999228,57,80,79,954,20073001,0
27,1417521856,59999228,51,80,77,2072,20481001,0
27,1417521856,59999228,3,80,82,1340,20199001,0
27,1417521856,79998971,53,80,79,954,20578001,12
28,1417521856,79998971,57,80,79,954,20505001,2
28,1417521856,79998971,51,80,78,2078,20868001,5
28,1417521856,80998958,3,80,81,1340,19956001,0
28,1417521856,99998713,53,80,79,954,20543001,9
28,1417521856,99998713,57,80,79,954,20183001,0
29,1417521856,99998713,51,80,79,2078,20093001,0
29,1417521856,99998713,3,80,81,1340,19982001,0
29,1417521856,119998456,53,80,79,954,19801001,0
29,1417521856,119998456,57,80,79,954,19642001,0
29,1417521856,120998443,51,80,79,2078,20428001,1
30,1417521856,120998443,3,80,81,1347,19790001,0
30,1417521856,140998185,57,80,79,954,20327001,8
30,1417521856,140998185,53,80,79,954,20995001,7
30,1417521856,140998185,51,80,79,2078,20702001,1
30,1417521856,140998185,3,80,81,1347,20060001,0
31,1417521856,160997928,57,80,79,954,19612001,0
31,1417521856,160997928,53,80,79,954,20142001,0
31,1417521856,160997928,51,80,78,2058,20631001,13
31,1417521856,160997928,3,80,81,1347,20120001,0
31,1417521856,180997670,57,80,79,954,20817001,12
32,1417521856,180997670,53,80,79,954,20843001,12
32,1417521856,180997670,51,80,79,2058,19906001,0
32,1417521856,181997657,3,80,81,1347,20167001,0
32,1417521856,200997413,57,80,74,903,19940001,0
32,1417521856,201997400,51,80,79,2058,20383001,2
33,1417521856,201997400,53,80,74,903,20760001,0
33,1417521856,201997400,3,80,82,1373,19726001,0
33,1417521856,221997142,57,80,75,903,20129001,0
33,1417521856,221997142,51,80,76,2023,20585001,12
33,1417521856,221997142,53,80,75,903,20960001,4
34,1417521856,222997129,3,80,81,1373,20233001,0
34,1417521856,241996885,51,80,77,2023,20973001,7
34,1417521856,241996885,57,80,76,903,20433001,0
34,1417521856,241996885,53,80,76,903,19878001,0
34,1417521856,242996872,3,80,81,1373,20108001,0
35,1417521856,261996627,51,80,78,2023,19664001,0
35,1417521856,261996627,57,80,77,903,20456001,0
35,1417521856,262996615,53,80,77,903,21120001,6
35,1417521856,263996602,3,80,82,1399,19835001,0
35,1417521856,282996357,51,80,72,1954,20641001,0
36,1417521856,282996357,57,80,78,903,20109001,0
36,1417521856,282996357,53,80,78,903,20225001,0
36,1417521856,282996357,3,80,81,1399,19645001,0
36,1417521856,302996100,51,80,73,1954,20289001,1
36,1417521856,302996100,57,80,79,903,20833001,1
37,1417521856,302996100,53,80,79,903,21185001,1
37,1417521856,302996100,3,80,81,1399,19711001,0
37,1417521856,322995842,57,80,79,903,20360001,4
37,1417521856,322995842,51,80,74,1954,20937001,4
37,1417521856,322995842,53,80,79,903,21099001,9
38,1417521856,322995842,3,80,81,1413,20123002,0
38,1417521856,342995585,51,80,75,1954,20575002,4
38,1417521856,342995585,57,80,79,903,20950001,5
38,1417521856,343995572,53,80,79,903,19996002,0
38,1417521856,343995572,1,80,88,1424,19939001,0
39,1417521856,363995314,7,80,81,1399,19934002,0
39,1417521856,364995301,3,80,81,1413,20057002,0
39,1417521856,364995301,10,80,80,2338,19976001,0
39,1417521856,364995301,11,80,81,1413,20342002,0
39,1417521856,364995301,62,80,78,1365,19796002,0
40,1417521856,364995301,60,80,79,1633,20519002,1
40,1417521856,364995301,57,80,79,903,20150002,0
40,1417521856,365995288,53,80,79,903,20952002,4
40,1417521856,365995288,51,80,70,1902,20465002,0
40,1417521856,366995276,5,80,86,1424,19852002,0
41,1417521856,383995057,7,80,81,1413,19787002,0
41,1417521856,384995044,1,80,87,1424,19990002,0
41,1417521856,384995044,8,80,80,1248,19804001,0
41,1417521856,384995044,4,80,79,1247,20035002,0
41,1417521856,384995044,3,80,81,1413,19820001,0
42,1417521856,384995044,10,80,80,2338,20078002,0
42,1417521856,384995044,6,80,80,2339,20083001,0
42,1417521856,384995044,9,80,86,1424,20229002,0
42,1417521856,384995044,2,80,77,2304,20083002,0
42,1417521856,384995044,12,80,79,1247,20201002,0
43,1417521856,385995031,11,80,81,1413,20406002,5
43,1417521856,385995031,54,80,77,1332,19225001,0
43,1417521856,385995031,55,80,72,1902,20258002,2
43,1417521856,385995031,52,80,79,1637,19955002,0
43,1417521856,385995031,62,80,75,1332,20412002,1
44,1417521856,385995031,61,80,79,903,19616002,0
44,1417521856,385995031,58,80,77,1365,19752002,0
44,1417521856,385995031,50,80,79,1324,20881002,5
44,1417521856,385995031,60,80,79,1633,20445002,2
44,1417521856,386995018,53,80,79,903,19955002,0
45,1417521856,386995018,56,80,79,1633,19995002,0
45,1417521856,386995018,59,80,71,1902,20581002,6
45,1417521856,386995018,57,80,79,903,20242002,0
45,1417521856,386995018,51,80,71,1902,20888002,3
45,1417521856,386995018,7,80,81,1413,20422002,1
46,1417521856,403994799,1,80,86,1424,20072002,0
46,1417521856,403994799,3,80,81,1413,19531002,0
46,1417521856,404994786,4,80,79,1247,19888002,0
46,1417521856,404994786,2,80,78,2304,19735002,0
46,1417521856,404994786,12,80,79,1247,19875002,0
47,1417521856,404994786,9,80,85,1424,19895002,0
47,1417521856,404994786,5,80,85,1424,19606002,0
47,1417521856,404994786,11,80,82,1442,20104002,0
47,1417521856,404994786,6,80,80,2339,20222002,0
47,1417521856,404994786,10,80,80,2339,20005002,0
48,1417521856,404994786,8,80,79,1247,19821002,0
48,1417521856,404994786,54,80,77,1324,20544002,12
48,1417521856,405994773,55,80,69,1867,20532002,6
48,1417521856,405994773,62,80,76,1332,20134002,0
48,1417521856,405994773,52,80,79,1637,20434002,2
49,1417521856,405994773,58,80,78,1365,20696002,1
49,1417521856,405994773,50,80,79,1318,19432002,0
49,1417521856,405994773,53,80,79,903,21296002,14
49,1417521856,405994773,60,80,79,1632,21086002,5
49,1417521856,405994773,61,80,79,903,19544002,0
50,1417521856,405994773,59,80,72,1902,20058002,0
50,1417521856,405994773,56,80,79,1633,20811002,8
50,1417521856,406994761,57,80,79,903,21541002,6
50,1417521856,406994761,51,80,72,1902,20249002,0
50,1417521856,406994761,7,80,81,1413,19588002,0
51,1417521856,424994529,4,80,80,1259,19774002,0
51,1417521856,424994529,3,80,82,1442,19669002,0
51,1417521856,424994529,1,80,85,1424,19704002,0
51,1417521856,424994529,2,80,79,2304,19761002,0
51,1417521856,424994529,12,80,79,1247,20051002,0
52,1417521856,424994529,9,80,84,1424,20013002,0
52,1417521856,424994529,11,80,81,1442,20005002,0
52,1417521856,424994529,6,80,81,2352,20154002,0
52,1417521856,424994529,10,80,80,2339,20057002,0
52,1417521856,425994516,8,80,79,1247,20116002,0
53,1417521856,425994516,5,80,84,1424,20367002,0
53,1417521856,425994516,55,80,70,1867,19417002,0
53,1417521856,425994516,54,80,78,1324,19958002,0
53,1417521856,425994516,62,80,77,1332,20450002,7
53,1417521856,425994516,58,80,75,1332,19826002,0
54,1417521856,425994516,53,80,79,903,20114002,0
54,1417521856,425994516,60,80,79,1632,19982002,0
54,1417521856,425994516,59,80,69,1867,20425002,9
54,1417521856,426994503,56,80,79,1633,19911002,0
54,1417521856,426994503,52,80,79,1637,20035002,0
55,1417521856,426994503,61,80,79,903,21520002,17
55,1417521856,426994503,50,80,79,1318,20887002,8
55,1417521856,426994503,57,80,79,903,21113002,5
55,1417521856,426994503,51,80,69,1867,20408002,1
55,1417521856,426994503,2,80,78,2290,19838002,0
56,1417521856,444994271,7,80,81,1413,19838002,0
56,1417521856,444994271,3,80,81,1442,19776002,0
56,1417521856,444994271,1,80,84,1424,19913002,0
56,1417521856,444994271,11,80,81,1442,20185002,0
56,1417521856,444994271,9,80,89,1495,20002002,0
57,1417521856,444994271,12,80,80,1259,19890002,0
57,1417521856,445994258,10,80,80,2339,20453002,5
57,1417521856,445994258,4,80,80,1259,20205002,0
57,1417521856,445994258,6,80,81,2352,20260002,0
57,1417521856,445994258,5,80,89,1495,19427002,0
58,1417521856,445994258,8,80,79,1247,19985002,0
58,1417521856,445994258,55,80,71,1867,20776002,10
58,1417521856,445994258,62,80,77,1324,20019002,0
58,1417521856,445994258,54,80,79,1324,19523002,0
58,1417521856,445994258,58,80,76,1332,20981002,12
59,1417521856,445994258,53,80,79,903,20312002,10
59,1417521856,446994246,60,80,79,1632,20428002,6
59,1417521856,446994246,59,80,70,1867,19825002,0
59,1417521856,446994246,52,80,79,1638,20225002,0
59,1417521856,446994246,61,80,72,831,20019002,0
60,1417521856,446994246,56,80,79,1632,19954002,0
60,1417521856,446994246,50,80,79,1318,20845002,5
60,1417521856,446994246,57,80,79,903,19930002,0
60,1417521856,446994246,51,80,70,1867,21432002,12
60,1417521856,446994246,11,80,82,1469,20117002,0
61,1417521856,464994014,7,80,82,1442,19845002,0
61,1417521856,464994014,1,80,89,1495,19753002,0
61,1417521856,464994014,3,80,81,1442,19941002,0
61,1417521856,465994001,10,80,81,2352,19884002,0
61,1417521856,465994001,4,80,80,1259,20022002,0
62,1417521856,465994001,9,80,88,1495,20198002,0
62,1417521856,465994001,6,80,81,2352,20176002,0
62,1417521856,465994001,8,80,80,1259,20067002,0
62,1417521856,465994001,5,80,88,1495,20445002,10
62,1417521856,465994001,12,80,80,1259,20345002,0
63,1417521856,465994001,2,80,79,2290,20071002,0
63,1417521856,466993988,54,80,79,1318,19490002,0
63,1417521856,466993988,55,80,71,1857,20466002,1
63,1417521856,466993988,62,80,78,1324,20759002,7
63,1417521856,466993988,58,80,77,1332,19440002,0
64,1417521856,466993988,53,80,72,831,19637002,0
64,1417521856,466993988,60,80,79,1637,20901002,8
64,1417521856,466993988,59,80,71,1867,20851002,17
64,1417521856,466993988,52,80,79,1638,21008002,6
64,1417521856,466993988,61,80,73,831,20136002,0
65,1417521856,467993975,50,80,79,1318,19838002,0
65,1417521856,467993975,57,80,72,831,20129002,0
65,1417521856,467993975,56,80,79,1632,20648002,8
65,1417521856,467993975,51,80,71,1867,20250002,0
65,1417521856,467993975,3,80,82,1469,20018002,0
66,1417521856,484993756,10,80,81,2352,20189002,0
66,1417521856,485993743,4,80,80,1259,20044002,0
66,1417521856,485993743,6,80,81,2352,20239002,0
66,1417521856,485993743,1,80,88,1495,20036002,0
66,1417521856,485993743,8,80,80,1259,20113002,0
67,1417521856,485993743,12,80,80,1259,20158002,0
67,1417521856,485993743,5,80,87,1495,20388002,2
67,1417521856,485993743,7,80,81,1442,19837002,0
67,1417521856,486993731,2,80,79,2290,20246002,0
67,1417521856,486993731,9,80,87,1495,20276002,0
68,1417521856,486993731,11,80,81,1469,20508002,0
68,1417521856,486993731,62,80,79,1324,20860002,1
68,1417521856,486993731,54,80,79,1318,20716002,12
68,1417521856,486993731,55,80,72,1857,19623002,0
68,1417521856,486993731,58,80,77,1324,20700002,11
69,1417521856,486993731,60,80,79,1637,19749002,0
69,1417521856,486993731,53,80,73,831,19871002,0
69,1417521856,487993718,59,80,71,1857,19963002,0
69,1417521856,487993718,52,80,79,1638,20475002,6
69,1417521856,487993718,61,80,74,831,21256002,16
70,1417521856,487993718,57,80,73,831,20143002,0
70,1417521856,487993718,56,80,79,1632,19982002,0
70,1417521856,487993718,50,80,80,1328,20902002,4
70,1417521856,487993718,51,80,71,1857,20145002,0
70,1417521856,487993718,6,80,79,2333,20011002,0
71,1417521856,505993486,3,80,81,1469,19988002,0
71,1417521856,505993486,1,80,87,1495,19884002,0
71,1417521856,505993486,12,80,80,1259,19921002,0
71,1417521856,505993486,5,80,86,1495,20295002,0
71,1417521856,505993486,8,80,80,1259,19987002,0
72,1417521856,505993486,10,80,81,2352,19897002,0
72,1417521856,506993473,7,80,81,1442,19955002,0
72,1417521856,506993473,9,80,86,1495,20061002,0
72,1417521856,506993473,2,80,79,2290,20265002,0
72,1417521856,506993473,11,80,81,1469,20381002,2
73,1417521856,506993473,4,80,81,1269,19891002,0
73,1417521856,506993473,54,80,79,1318,19713002,0
73,1417521856,506993473,62,80,79,1318,20735002,11
73,1417521856,506993473,55,80,73,1857,20767002,4
73,1417521856,506993473,58,80,78,1324,20501002,1
74,1417521856,507993460,60,80,79,1637,20957002,12
74,1417521856,507993460,59,80,72,1857,20390002,9
74,1417521856,507993460,61,80,75,831,21117002,1
74,1417521856,507993460,53,80,74,831,19704002,0
74,1417521856,507993460,52,80,79,1638,20071002,0
75,1417521856,507993460,57,80,74,831,21112002,20
75,1417521856,507993460,56,80,79,1637,20231002,2
75,1417521856,507993460,50,80,80,1328,20966002,14
75,1417521856,507993460,51,80,72,1857,20177002,0
75,1417521856,508993447,6,80,79,2333,20014002,0
76,1417521856,525993229,1,80,86,1495,19854002,0
76,1417521856,525993229,5,80,85,1495,20168002,0
76,1417521856,525993229,12,80,81,1269,19908002,0
76,1417521856,525993229,7,80,82,1469,19296002,0
76,1417521856,526993216,9,80,85,1495,19843002,0
77,1417521856,526993216,2,80,76,2254,19975002,0
77,1417521856,526993216,10,80,81,2352,19939002,0
77,1417521856,526993216,3,80,81,1469,19944002,0
77,1417521856,526993216,4,80,81,1269,20100002,0
77,1417521856,526993216,11,80,81,1473,20188002,0
78,1417521856,526993216,8,80,80,1259,20254002,0
78,1417521856,526993216,54,80,79,1318,19968002,0
78,1417521856,526993216,55,80,74,1857,20697002,8
78,1417521856,526993216,58,80,79,1324,20514002,1
78,1417521856,526993216,53,80,75,831,19279002,0
79,1417521856,526993216,52,80,79,1639,20226002,0
79,1417521856,526993216,59,80,73,1857,20933002,3
79,1417521856,527993203,60,80,79,1638,20041002,0
79,1417521856,527993203,61,80,76,831,21051002,8
79,1417521856,527993203,57,80,75,831,21245002,1
80,1417521856,527993203,62,80,79,1318,19786002,0
80,1417521856,527993203,56,80,79,1637,20563002,18
80,1417521856,527993203,50,80,80,1328,19559002,0
80,1417521856,527993203,51,80,73,1857,20937002,22
80,1417521856,527993203,7,80,81,1469,19819002,0
81,1417521856,545992971,1,80,85,1495,19952002,0
81,1417521856,545992971,12,80,81,1269,19787002,0
81,1417521856,545992971,6,80,79,2333,20236002,0
81,1417521856,545992971,9,80,84,1495,20025002,0
81,1417521856,545992971,4,80,81,1269,20022002,0
82,1417521856,546992958,10,80,79,2333,20015002,0
82,1417521856,546992958,5,80,84,1495,20196002,0
82,1417521856,546992958,8,80,81,1269,20137002,0
82,1417521856,546992958,3,80,81,1473,20174002,0
82,1417521856,546992958,11,80,81,1473,20220002,0
83,1417521856,546992958,2,80,77,2254,20076002,0
83,1417521856,546992958,55,80,74,1851,19864002,0
83,1417521856,546992958,53,80,76,831,20107002,0
83,1417521856,546992958,61,80,77,831,20234002,0
83,1417521856,546992958,52,80,79,1639,19838002,0
84,1417521856,546992958,59,80,74,1857,20956002,6
84,1417521856,546992958,57,80,76,831,20146002,0
84,1417521856,546992958,62,80,79,1318,20322002,0
84,1417521856,547992945,60,80,79,1638,20980002,5
84,1417521856,547992945,58,80,79,1318,20781002,0
85,1417521856,547992945,50,80,79,1324,19901002,0
85,1417521856,547992945,54,80,80,1328,20680002,0
85,1417521856,547992945,51,80,74,1857,20501002,2
85,1417521856,547992945,56,80,79,1637,20707002,0
85,1417521856,547992945,7,80,81,1469,19977002,0
86,1417521856,565992714,5,80,83,1495,20099002,0
86,1417521856,565992714,12,80,81,1269,19900002,0
86,1417521856,566992701,6,80,77,2304,20148002,0
86,1417521856,566992701,8,80,81,1269,20169002,0
86,1417521856,566992701,3,80,81,1473,20030002,0
87,1417521856,566992701,2,80,78,2254,20003002,0
87,1417521856,566992701,11,80,81,1473,20227002,0
87,1417521856,566992701,9,80,83,1495,19976002,0
87,1417521856,566992701,4,80,81,1271,20238002,0
87,1417521856,566992701,1,80,84,1495,19874002,0
88,1417521856,566992701,10,80,79,2333,19936002,0
88,1417521856,567992688,55,80,75,1851,20250002,0
88,1417521856,567992688,57,80,77,831,20947002,6
88,1417521856,567992688,52,80,79,1639,19608002,0
88,1417521856,567992688,61,80,78,831,21066002,1
89,1417521856,567992688,50,80,79,1324,20733002,18
89,1417521856,567992688,58,80,79,1318,20889002,1
89,1417521856,567992688,54,80,80,1328,21112002,5
89,1417521856,567992688,53,80,77,831,19786002,0
89,1417521856,567992688,51,80,74,1851,20142002,0
90,1417521856,567992688,59,80,74,1851,20664002,0
90,1417521856,567992688,60,80,79,1638,20495002,0
90,1417521856,568992675,56,80,79,1638,20089002,0
90,1417521856,568992675,62,80,79,1318,20589002,0
90,1417521856,568992675,8,80,81,1269,20117002,0
91,1417521856,586992443,3,80,81,1473,19977002,0
91,1417521856,586992443,7,80,81,1473,20068002,0
91,1417521856,586992443,6,80,78,2304,20188002,0
91,1417521856,586992443,2,80,76,2231,20019002,0
91,1417521856,586992443,11,80,81,1473,20158002,0
92,1417521856,586992443,5,80,82,1495,20360002,0
92,1417521856,586992443,4,80,81,1271,20348002,0
92,1417521856,586992443,9,80,82,1495,20197002,0
92,1417521856,586992443,10,80,79,2333,20279002,0
92,1417521856,586992443,12,80,81,1271,20315002,0
93,1417521856,587992430,1,80,83,1495,20397002,0
93,1417521856,587992430,57,80,78,831,19711000,0
93,1417521856,587992430,52,80,79,1631,20812000,13
93,1417521856,587992430,50,80,79,1324,20065000,0
93,1417521856,587992430,61,80,79,831,21037000,8
94,1417521856,587992430,55,80,76,1851,20871000,10
94,1417521856,587992430,58,80,79,1318,20099000,0
94,1417521856,587992430,60,80,79,1638,20026000,0
94,1417521856,587992430,54,80,80,1328,20329000,0
94,1417521856,587992430,51,80,75,1851,19913000,0
95,1417521856,587992430,53,80,78,831,19915000,0
95,1417521856,587992430,56,80,79,1638,20435000,12
95,1417521856,587992430,62,80,80,1328,20010000,0
95,1417521856,588992417,59,80,75,1851,21311000,1
95,1417521856,588992417,6,80,79,2304,20296000,0
96,1417521856,606992186,3,80,81,1473,19718000,0
96,1417521856,606992186,2,80,77,2231,19884000,0
96,1417521856,606992186,11,80,82,1497,19779000,0
96,1417521856,606992186,5,80,81,1495,20091000,0
96,1417521856,606992186,4,80,81,1271,20009000,0
97,1417521856,606992186,7,80,81,1473,20125000,0
97,1417521856,606992186,12,80,81,1271,20017000,0
97,1417521856,607992173,10,80,77,2304,20048000,0
97,1417521856,607992173,9,80,81,1495,20249000,0
97,1417521856,607992173,8,80,81,1271,20206000,0
98,1417521856,607992173,1,80,82,1495,20474000,5
98,1417521856,607992173,50,80,77,1301,19643000,0
98,1417521856,607992173,52,80,79,1631,19746000,0
98,1417521856,607992173,61,80,79,831,20995000,1
98,1417521856,607992173,58,80,79,1318,20929000,5
99,1417521856,607992173,55,80,75,1832,20483000,3
99,1417521856,607992173,57,80,79,831,19487000,0
99,1417521856,607992173,60,80,79,1639,20235000,1
99,1417521856,607992173,54,80,79,1324,20615000,6
99,1417521856,608992160,51,80,76,1851,20659000,16
100,1417521856,608992160,53,80,79,831,20209000,0
100,1417521856,608992160,56,80,79,1638,19887000,0
100,1417521856,608992160,62,80,80,1328,21225000,22
100,1417521856,608992160,59,80,76,1851,21614000,1
100,1417521856,608992160,3,80,82,1497,19660000,0
101,1417521856,626991928,2,80,78,2231,19845000,0
101,1417521856,626991928,6,80,78,2290,20234000,0
101,1417521856,626991928,11,80,81,1497,19784000,0
101,1417521856,626991928,5,80,81,1495,20046000,0
101,1417521856,626991928,12,80,81,1271,20079000,0
102,1417521856,627991915,10,80,78,2304,19942000,0
102,1417521856,627991915,8,80,81,1271,20123000,0
102,1417521856,627991915,9,80,81,1495,20263000,0
102,1417521856,627991915,1,80,81,1495,19988000,0
102,1417521856,627991915,4,80,81,1271,20085000,0
103,1417521856,627991915,7,80,81,1473,19863000,0
103,1417521856,627991915,52,80,79,1631,19566000,0
103,1417521856,627991915,61,80,79,831,19779000,0
103,1417521856,627991915,50,80,78,1301,20852000,12
103,1417521856,627991915,57,80,79,831,20610000,11
104,1417521856,627991915,55,80,76,1832,20650000,2
104,1417521856,627991915,54,80,79,1324,21105000,12
104,1417521856,628991902,60,80,79,1639,20860000,3
104,1417521856,628991902,58,80,80,1328,19921000,0
104,1417521856,628991902,51,80,75,1832,19857000,0
105,1417521856,628991902,53,80,79,831,20782000,19
105,1417521856,628991902,62,80,80,1328,19762000,0
105,1417521856,628991902,59,80,75,1832,20143000,0
105,1417521856,628991902,56,80,79,1638,21163000,17
105,1417521856,628991902,2,80,77,2214,19821000,0
106,1417521856,646991671,6,80,79,2290,20217000,0
106,1417521856,646991671,5,80,81,1495,20007000,0
106,1417521856,647991658,11,80,81,1497,19897000,0
106,1417521856,647991658,10,80,79,2304,19888000,0
106,1417521856,647991658,9,80,81,1495,20255000,1
107,1417521856,647991658,8,80,81,1271,19957000,0
107,1417521856,647991658,3,80,81,1497,20186000,0
107,1417521856,647991658,1,80,81,1495,20094000,0
107,1417521856,647991658,12,80,81,1271,20066000,0
107,1417521856,647991658,7,80,81,1473,20044000,0
108,1417521856,647991658,4,80,81,1271,20130000,0
108,1417521856,648991645,50,80,79,1301,19420000,0
108,1417521856,648991645,52,80,79,1622,20043000,0
108,1417521856,648991645,57,80,79,831,20657000,1
108,1417521856,648991645,61,80,79,831,20965000,11
109,1417521856,648991645,55,80,77,1832,20608000,1
109,1417521856,648991645,58,80,80,1328,19983000,0
109,1417521856,648991645,60,80,79,1639,19800000,0
109,1417521856,648991645,53,80,79,831,20725000,2
109,1417521856,648991645,51,80,76,1832,20999000,12
110,1417521856,649991632,62,80,79,1324,21205000,12
110,1417521856,649991632,59,80,76,1832,20762000,4
110,1417521856,649991632,56,80,79,1639,1584000,0
110,1417521856,649991632,54,80,79,1324,19696000,0
110,1417521856,649991632,5,80,81,1495,19723000,0
111,1417521856,667991400,8,80,81,1271,19992000,0
111,1417521856,667991400,10,80,78,2290,19997000,0
111,1417521856,667991400,6,80,79,2290,20239000,0
111,1417521856,667991400,3,80,81,1497,19930000,0
111,1417521856,667991400,12,80,81,1271,20247000,0
112,1417521856,667991400,11,80,83,1535,20147000,0
112,1417521856,667991400,9,80,81,1495,20211000,0
112,1417521856,667991400,2,80,78,2214,19763000,0
112,1417521856,667991400,7,80,82,1497,20031000,0
112,1417521856,668991387,4,80,81,1271,20354000,4
113,1417521856,668991387,1,80,81,1495,20260000,1
113,1417521856,668991387,50,80,79,1301,19227000,0
113,1417521856,668991387,52,80,79,1622,20786000,12
113,1417521856,668991387,57,80,79,831,19952000,0
113,1417521856,668991387,61,80,79,831,19401000,0
114,1417521856,668991387,58,80,80,1328,20943000,12
114,1417521856,668991387,55,80,74,1800,20612000,2
114,1417521856,668991387,53,80,79,831,19871000,0
114,1417521856,668991387,60,80,79,1631,21068000,12
114,1417521856,669991375,62,80,79,1324,19442000,0
115,1417521856,669991375,51,80,77,1832,19752000,0
115,1417521856,669991375,59,80,77,1832,19927000,0
115,1417521856,669991375,56,80,79,1639,20708000,2
115,1417521856,669991375,54,80,77,1301,20134000,0
115,1417521856,669991375,10,80,79,2290,19912000,0
116,1417521856,687991143,8,80,81,1271,20036000,0
116,1417521856,687991143,3,80,83,1535,19922000,0
116,1417521856,687991143,6,80,79,2290,20274000,0
116,1417521856,687991143,2,80,79,2214,20273000,0
116,1417521856,687991143,9,80,81,1495,19989000,0
117,1417521856,688991130,11,80,82,1535,20301000,3
117,1417521856,688991130,5,80,81,1495,20264000,0
117,1417521856,688991130,4,80,81,1271,20330000,0
117,1417521856,688991130,7,80,81,1497,20451000,2
117,1417521856,688991130,12,80,81,1271,19980000,0
118,1417521856,688991130,1,80,81,1495,20560000,0
118,1417521856,688991130,50,80,77,1275,20814000,12
118,1417521856,688991130,52,80,79,1622,20233000,0
118,1417521856,688991130,57,80,79,831,19924000,0
118,1417521856,688991130,61,80,79,831,19452000,0
119,1417521856,689991117,53,80,79,831,20883000,12
119,1417521856,689991117,55,80,75,1800,20671000,4
119,1417521856,689991117,60,80,79,1631,19663000,0
119,1417521856,689991117,62,80,79,1324,20093000,0
119,1417521856,689991117,58,80,79,1324,20359000,0
120,1417521856,689991117,51,80,74,1800,20956000,1
120,1417521856,689991117,59,80,74,1800,21398000,12
120,1417521856,689991117,56,80,79,1639,20110000,0
120,1417521856,689991117,54,80,78,1301,20172000,0
120,1417521856,689991117,10,80,79,2290,20002000,0
121,1417521856,707990885,3,80,82,1535,19694000,0
121,1417521856,708990872,6,80,76,2254,20287000,0
121,1417521856,708990872,8,80,81,1271,19861000,0
121,1417521856,708990872,2,80,79,2214,20152000,0
121,1417521856,708990872,5,80,86,1561,19973000,0
122,1417521856,708990872,11,80,81,1535,19973000,0
122,1417521856,708990872,4,80,79,1258,19914000,0
122,1417521856,708990872,7,80,81,1497,20029000,0
122,1417521856,708990872,9,80,86,1561,20084000,0
122,1417521856,708990872,12,80,81,1271,20281000,0
123,1417521856,709990860,1,80,81,1495,20502000,6
123,1417521856,709990860,61,80,79,831,20743000,12
123,1417521856,709990860,50,80,78,1275,19425000,0
123,1417521856,709990860,52,80,79,1622,19735000,0
123,1417521856,709990860,57,80,79,831,19771000,0
124,1417521856,709990860,55,80,76,1800,20127000,0
124,1417521856,709990860,53,80,79,831,19997000,0
124,1417521856,709990860,62,80,77,1301,20354000,1
124,1417521856,709990860,60,80,79,1631,20028000,0
124,1417521856,709990860,59,80,75,1800,19869000,0
125,1417521856,710990847,58,80,79,1324,20107000,0
125,1417521856,710990847,51,80,75,1800,20854000,4
125,1417521856,710990847,54,80,79,1301,20294000,1
125,1417521856,710990847,56,80,79,1631,20254000,0
125,1417521856,710990847,2,80,77,2191,19842000,0
126,1417521856,728990615,6,80,77,2254,20245000,0
126,1417521856,728990615,3,80,81,1535,19946000,0
126,1417521856,728990615,11,80,81,1539,20004000,0
126,1417521856,728990615,8,80,81,1271,20268000,0
126,1417521856,728990615,5,80,85,1561,19962000,0
127,1417521856,728990615,12,80,79,1258,20018000,0
127,1417521856,728990615,7,80,83,1535,19858000,0
127,1417521856,728990615,9,80,85,1561,19815000,0
127,1417521856,728990615,4,80,79,1258,19814000,0
127,1417521856,728990615,1,80,86,1561,20196000,0
128,1417521856,729990602,10,80,79,2290,20036000,0
128,1417521856,729990602,52,80,79,1613,19681000,0
128,1417521856,729990602,61,80,70,732,19618000,0
128,1417521856,729990602,50,80,79,1275,19592000,0
128,1417521856,729990602,57,80,79,831,19633000,0
129,1417521856,729990602,53,80,79,831,20324000,4
129,1417521856,729990602,60,80,79,1622,20375000,13
129,1417521856,729990602,55,80,77,1800,20099000,0
129,1417521856,729990602,62,80,78,1301,20938000,19
129,1417521856,729990602,59,80,76,1800,19820000,0
130,1417521856,729990602,58,80,79,1324,19894000,0
130,1417521856,729990602,51,80,76,1800,21092000,6
130,1417521856,729990602,56,80,79,1631,20843000,2
130,1417521856,730990589,54,80,79,1301,20195000,0
130,1417521856,730990589,11,80,81,1539,19869000,0
131,1417521856,748990357,3,80,81,1539,19726000,0
131,1417521856,748990357,6,80,78,2254,20329000,0
131,1417521856,748990357,8,80,79,1258,20036000,0
131,1417521856,748990357,12,80,79,1258,20223000,0
131,1417521856,748990357,9,80,84,1561,20339000,0
132,1417521856,748990357,4,80,79,1258,20288000,0
132,1417521856,748990357,1,80,85,1561,20156000,0
132,1417521856,749990345,2,80,78,2191,20113000,0
132,1417521856,749990345,5,80,84,1561,20355000,0
132,1417521856,749990345,10,80,76,2254,20407000,0
133,1417521856,749990345,61,80,71,732,20776000,1
133,1417521856,749990345,52,80,79,1613,19645000,0
133,1417521856,749990345,50,80,78,1257,20707000,4
133,1417521856,749990345,7,80,82,1535,20597000,0
133,1417521856,749990345,60,80,79,1622,20890000,2
134,1417521856,749990345,57,80,70,732,20448000,0
134,1417521856,749990345,53,80,70,732,19755000,0
134,1417521856,750990332,55,80,75,1773,20962000,2
134,1417521856,750990332,62,80,79,1301,20501000,1
134,1417521856,750990332,59,80,77,1800,21153000,4
135,1417521856,750990332,58,80,77,1301,21294000,19
135,1417521856,750990332,51,80,77,1800,19982000,0
135,1417521856,750990332,54,80,77,1275,20059000,0
135,1417521856,750990332,56,80,79,1631,20109000,0
135,1417521856,750990332,3,80,81,1539,19673000,0
136,1417521856,768990100,11,80,81,1539,19869000,0
136,1417521856,768990100,12,80,79,1258,19405000,0
136,1417521856,768990100,8,80,79,1258,19794000,0
136,1417521856,768990100,9,80,83,1561,19687000,0
136,1417521856,769990087,6,80,76,2231,19997000,0
137,1417521856,769990087,4,80,79,1261,19925000,0
137,1417521856,769990087,1,80,84,1561,19819000,0
137,1417521856,769990087,5,80,83,1561,19760000,0
137,1417521856,769990087,2,80,79,2191,19088000,0
137,1417521856,769990087,10,80,77,2254,20403000,9
138,1417521856,769990087,7,80,81,1535,19459000,0
138,1417521856,769990087,61,80,72,732,20652000,1
138,1417521856,769990087,50,80,79,1257,20533000,1
138,1417521856,769990087,53,80,71,732,20382000,1
138,1417521856,770990074,55,80,76,1773,20763000,1
139,1417521856,770990074,57,80,71,732,20715000,1
139,1417521856,770990074,59,80,75,1773,20811000,1
139,1417521856,770990074,52,80,79,1613,20431000,0
139,1417521856,770990074,62,80,79,1301,20931000,1
139,1417521856,770990074,51,80,75,1773,19757000,0
140,1417521856,770990074,58,80,78,1301,20460000,1
140,1417521856,770990074,60,80,79,1622,21428000,1
140,1417521856,770990074,54,80,78,1275,20133000,0
140,1417521856,770990074,56,80,79,1622,20341000,4
140,1417521856,770990074,8,80,79,1258,19820000,0
141,1417521856,788989843,9,80,82,1561,20355000,5
141,1417521856,789989830,6,80,77,2231,20403000,1
141,1417521856,789989830,11,80,81,1539,20162000,0
141,1417521856,789989830,1,80,83,1561,19931000,0
141,1417521856,789989830,12,80,79,1261,20259000,0
142,1417521856,789989830,2,80,79,2185,20239000,0
142,1417521856,789989830,5,80,82,1561,20512000,2
142,1417521856,789989830,10,80,78,2254,20242000,0
142,1417521856,789989830,4,80,79,1261,20270000,0
142,1417521856,789989830,3,80,81,1539,20240000,0
143,1417521856,789989830,7,80,81,1539,20259000,6
143,1417521856,789989830,57,80,72,732,20104000,0
143,1417521856,789989830,52,80,79,1604,20860000,4
143,1417521856,790989817,59,80,76,1773,19590000,0
143,1417521856,790989817,62,80,77,1275,20215000,0
144,1417521856,790989817,55,80,77,1773,20527000,0
144,1417521856,790989817,50,80,79,1257,20782000,0
144,1417521856,790989817,58,80,79,1301,21060000,1
144,1417521856,790989817,53,80,72,732,20607000,0
144,1417521856,790989817,60,80,79,1622,19954000,0
145,1417521856,790989817,56,80,79,1622,20237000,1
145,1417521856,790989817,54,80,79,1275,20487000,3
145,1417521856,790989817,51,80,76,1773,20615000,0
145,1417521856,790989817,61,80,73,732,21834000,1
145,1417521856,790989817,8,80,79,1261,19697000,0
146,1417521856,809989572,12,80,79,1261,19781000,0
146,1417521856,809989572,9,80,81,1561,19859000,0
146,1417521856,809989572,1,80,82,1561,19420000,0
146,1417521856,809989572,6,80,78,2231,20247000,0
146,1417521856,809989572,2,80,79,2185,19670000,0
147,1417521856,809989572,5,80,81,1561,20105000,0
147,1417521856,809989572,10,80,76,2231,20214000,0
147,1417521856,809989572,4,80,79,1261,19775000,0
147,1417521856,810989559,11,80,81,1558,20284000,0
147,1417521856,810989559,3,80,81,1539,20300000,0
148,1417521856,810989559,7,80,81,1539,20163000,0
148,1417521856,810989559,52,80,79,1604,19812000,0
148,1417521856,810989559,57,80,73,732,20230000,0
148,1417521856,810989559,59,80,77,1773,19463000,0
148,1417521856,810989559,62,80,78,1275,20116000,0
149,1417521856,810989559,55,80,76,1757,19494000,0
149,1417521856,810989559,50,80,79,1249,20997000,4
149,1417521856,810989559,58,80,79,1301,21244000,8
149,1417521856,810989559,53,80,73,732,21154000,1
149,1417521856,811989546,56,80,79,1622,20595000,2
150,1417521856,811989546,54,80,78,1257,20840000,3
150,1417521856,811989546,61,80,74,732,21647000,1
150,1417521856,811989546,51,80,77,1773,20351000,0
150,1417521856,811989546,60,80,79,1613,21410000,2
150,1417521856,811989546,6,80,77,2214,20165000,0
151,1417521856,829989315,8,80,79,1261,19802000,0
151,1417521856,829989315,9,80,81,1561,19928000,0
151,1417521856,829989315,1,80,81,1561,19991000,0
151,1417521856,829989315,12,80,79,1261,19918000,0
151,1417521856,829989315,10,80,77,2231,19819000,0
152,1417521856,829989315,5,80,81,1561,19805000,0
152,1417521856,830989302,2,80,79,2185,20071000,0
152,1417521856,830989302,3,80,81,1558,20041000,0
152,1417521856,830989302,11,80,81,1558,20172000,0
152,1417521856,830989302,7,80,81,1539,19881000,0
153,1417521856,830989302,4,80,80,1276,20078000,0
153,1417521856,830989302,57,80,74,732,20198000,0
153,1417521856,830989302,59,80,76,1757,19758000,0
153,1417521856,830989302,52,80,79,1604,20748000,11
153,1417521856,830989302,55,80,77,1757,20875000,11
154,1417521856,830989302,50,80,79,1249,20704000,1
154,1417521856,831989289,62,80,79,1275,20003000,0
154,1417521856,831989289,58,80,77,1275,20216000,0
154,1417521856,831989289,54,80,79,1257,20606000,3
154,1417521856,831989289,56,80,79,1622,20234000,1
155,1417521856,831989289,53,80,74,732,20268000,0
155,1417521856,831989289,60,80,79,1613,20028000,0
155,1417521856,831989289,51,80,76,1757,20644000,4
155,1417521856,831989289,61,80,75,732,20457000,4
155,1417521856,831989289,12,80,80,1276,19927000,0
156,1417521856,849989057,8,80,79,1261,19815000,0
156,1417521856,849989057,9,80,92,1696,19926000,0
156,1417521856,849989057,11,80,81,1558,19954000,0
156,1417521856,849989057,6,80,78,2214,20115000,0
156,1417521856,850989044,3,80,81,1558,20149000,0
157,1417521856,850989044,2,80,78,2166,19825000,0
157,1417521856,850989044,5,80,92,1696,19903000,0
157,1417521856,850989044,7,80,81,1539,20147000,0
157,1417521856,850989044,10,80,78,2231,19959000,0
157,1417521856,850989044,1,80,81,1561,20354000,0
158,1417521856,850989044,4,80,80,1276,20519000,1
158,1417521856,850989044,57,80,75,732,19774000,0
158,1417521856,850989044,59,80,77,1757,19853000,0
158,1417521856,850989044,55,80,78,1757,20046000,0
158,1417521856,850989044,62,80,78,1257,20262000,0
159,1417521856,850989044,50,80,79,1249,20784000,9
159,1417521856,851989031,52,80,79,1602,20314000,0
159,1417521856,851989031,58,80,78,1275,19894000,0
159,1417521856,851989031,54,80,79,1257,19604000,0
159,1417521856,851989031,56,80,79,1613,20607000,11
160,1417521856,851989031,53,80,75,732,19783000,0
160,1417521856,851989031,51,80,77,1757,19908000,0
160,1417521856,851989031,61,80,68,656,21515000,3
160,1417521856,851989031,60,80,79,1613,21048000,11
160,1417521856,851989031,9,80,90,1696,19998000,0
161,1417521856,869988800,2,80,79,2166,20167000,0
161,1417521856,869988800,6,80,79,2214,19997000,0
161,1417521856,870988787,5,80,90,1696,19963000,0
161,1417521856,870988787,12,80,80,1276,20047000,0
161,1417521856,870988787,7,80,81,1558,19921000,0
162,1417521856,870988787,3,80,81,1558,20170000,0
162,1417521856,870988787,8,80,80,1276,19856000,0
162,1417521856,870988787,1,80,92,1696,20021000,0
162,1417521856,870988787,4,80,80,1276,20138000,0
162,1417521856,870988787,55,80,78,1753,19944000,0
163,1417521856,870988787,59,80,78,1757,19713000,0
163,1417521856,870988787,54,80,79,1249,20357000,6
163,1417521856,871988774,50,80,79,1249,19663000,0
163,1417521856,871988774,57,80,68,656,21049000,10
163,1417521856,871988774,52,80,79,1602,20095000,0
164,1417521856,871988774,10,80,77,2214,20308000,0
164,1417521856,871988774,62,80,79,1257,20296000,0
164,1417521856,871988774,11,80,82,1585,20108000,0
164,1417521856,871988774,51,80,78,1757,20523000,3
164,1417521856,871988774,58,80,79,1275,21616000,11
165,1417521856,871988774,56,80,79,1613,21335000,1
165,1417521856,871988774,60,80,79,1604,20039000,0
165,1417521856,872988761,53,80,68,656,21103000,11
165,1417521856,872988761,61,80,69,656,20574000,0
165,1417521856,872988761,12,80,80,1276,19846000,0
166,1417521856,890988529,6,80,79,2214,19971000,0
166,1417521856,890988529,5,80,89,1696,19937000,0
166,1417521856,890988529,2,80,79,2166,20179000,0
166,1417521856,890988529,7,80,81,1558,20211000,0
166,1417521856,890988529,3,80,82,1585,20139000,0
167,1417521856,890988529,8,80,80,1276,20320000,0
167,1417521856,890988529,9,80,89,1696,20434000,0
167,1417521856,890988529,1,80,90,1696,20724000,0
167,1417521856,891988516,4,80,80,1276,20825000,7
167,1417521856,891988516,55,80,79,1753,20138001,0
168,1417521856,891988516,59,80,78,1753,19641000,0
168,1417521856,891988516,54,80,79,1249,20430000,2
168,1417521856,891988516,50,80,79,1258,19726000,0
168,1417521856,891988516,57,80,69,656,20069000,0
168,1417521856,891988516,62,80,79,1257,20205000,0
169,1417521856,891988516,52,80,79,1602,21080000,3
169,1417521856,891988516,10,80,78,2214,21618000,1
169,1417521856,891988516,11,80,81,1585,21251000,0
169,1417521856,892988504,51,80,78,1753,21263000,2
169,1417521856,892988504,56,80,79,1613,21306000,3
170,1417521856,892988504,60,80,79,1604,20529000,3
170,1417521856,892988504,58,80,78,1257,20123000,0
170,1417521856,892988504,53,80,69,656,20104000,0
170,1417521856,892988504,61,80,70,656,20187000,0
170,1417521856,892988504,12,80,80,1276,19096000,0
171,1417521856,910988272,6,80,77,2191,20058000,0
171,1417521856,910988272,3,80,81,1585,19570000,0
171,1417521856,911988259,5,80,88,1696,19122000,0
171,1417521856,911988259,7,80,81,1558,19359001,0
171,1417521856,911988259,2,80,79,2166,19880001,0
172,1417521856,911988259,9,80,88,1696,19987001,0
172,1417521856,911988259,8,80,80,1276,19657000,0
172,1417521856,911988259,4,80,81,1290,19549000,0
172,1417521856,911988259,1,80,89,1696,19462000,0
172,1417521856,911988259,59,80,79,1753,19662000,0
173,1417521856,911988259,54,80,79,1249,20550000,12
173,1417521856,912988246,55,80,79,1753,20947000,8
173,1417521856,912988246,50,80,79,1258,20245000,0
173,1417521856,912988246,62,80,79,1249,20273000,2
173,1417521856,912988246,52,80,79,1602,20469001,3
174,1417521856,912988246,10,80,79,2214,19824000,0
174,1417521856,912988246,57,80,70,656,20378000,6
174,1417521856,912988246,11,80,81,1585,20156000,0
174,1417521856,912988246,51,80,79,1753,21470000,11
174,1417521856,912988246,60,80,79,1604,20273001,2
175,1417521856,912988246,56,80,79,1604,21537000,2
175,1417521856,912988246,58,80,79,1257,20026000,0
175,1417521856,913988233,53,80,70,656,20162001,0
175,1417521856,913988233,61,80,71,656,20208000,0
175,1417521856,913988233,6,80,78,2191,20119000,0
176,1417521856,930988014,12,80,81,1290,19975001,0
176,1417521856,930988014,3,80,81,1585,20039000,0
176,1417521856,930988014,5,80,87,1696,20420000,1
176,1417521856,930988014,7,80,82,1585,20118000,0
176,1417521856,931988001,2,80,76,2135,20177000,0
177,1417521856,931988001,9,80,87,1696,20269001,6
177,1417521856,931988001,8,80,80,1276,20260000,1
177,1417521856,931988001,4,80,81,1290,20137001,0
177,1417521856,931988001,1,80,88,1696,20178000,0
177,1417521856,931988001,55,80,79,1753,20081000,0
178,1417521856,931988001,50,80,79,1258,20075000,0
178,1417521856,931988001,54,80,79,1249,19758000,0
178,1417521856,931988001,59,80,79,1753,19900000,0
178,1417521856,931988001,52,80,79,1606,20932000,8
178,1417521856,932987989,10,80,79,2214,20472001,5
179,1417521856,932987989,62,80,79,1249,20189001,0
179,1417521856,932987989,11,80,82,1606,20427000,2
179,1417521856,932987989,60,80,79,1602,20136001,0
179,1417521856,932987989,51,80,79,1753,19776000,0
179,1417521856,932987989,56,80,79,1604,19666000,0
180,1417521856,932987989,57,80,71,656,20886001,0
180,1417521856,932987989,53,80,71,656,21206000,20
180,1417521856,932987989,58,80,79,1257,20930000,16
180,1417521856,932987989,61,80,72,656,20108001,0
180,1417521856,933987976,6,80,79,2191,19995001,0
181,1417521856,950987757,12,80,81,1290,19923001,0
181,1417521856,950987757,5,80,86,1696,20196000,0
181,1417521856,951987744,8,80,81,1290,20109000,0
181,1417521856,951987744,7,80,81,1585,20020001,0
181,1417521856,951987744,3,80,82,1606,20495001,5
182,1417521856,951987744,2,80,77,2135,20009001,0
182,1417521856,951987744,9,80,86,1696,20213001,0
182,1417521856,951987744,4,80,81,1290,20135000,0
182,1417521856,951987744,1,80,87,1696,20183001,0
182,1417521856,951987744,54,80,79,1258,20310001,2
183,1417521856,951987744,59,80,79,1753,20481000,2
183,1417521856,951987744,52,80,79,1606,20087001,0
183,1417521856,952987731,50,80,80,1268,20330001,4
183,1417521856,952987731,10,80,77,2191,19952000,0
183,1417521856,952987731,11,80,81,1606,20384000,5
184,1417521856,952987731,62,80,79,1249,20388001,4
184,1417521856,952987731,55,80,79,1744,20040000,0
184,1417521856,952987731,60,80,79,1602,20387000,5
184,1417521856,952987731,56,80,79,1604,20074001,0
184,1417521856,952987731,53,80,72,656,19877001,0
185,1417521856,952987731,57,80,72,656,20103001,0
185,1417521856,953987718,58,80,79,1249,21680000,2
185,1417521856,953987718,61,80,73,656,20137001,0
185,1417521856,953987718,51,80,79,1753,20975001,1
185,1417521856,953987718,12,80,81,1290,20137001,0
186,1417521856,971987486,6,80,79,2185,20012001,0
186,1417521856,971987486,5,80,85,1696,19955000,0
186,1417521856,971987486,3,80,81,1606,20144001,0
186,1417521856,971987486,8,80,81,1290,20346001,6
186,1417521856,971987486,7,80,81,1585,20100001,0
187,1417521856,971987486,1,80,86,1696,20168000,0
187,1417521856,971987486,2,80,78,2135,20303001,0
187,1417521856,972987474,9,80,85,1696,19830000,0
187,1417521856,972987474,4,80,81,1296,20063001,0
187,1417521856,972987474,59,80,79,1744,20559001,10
188,1417521856,972987474,52,80,79,1606,20834000,8
188,1417521856,972987474,50,80,80,1268,20370001,0
188,1417521856,972987474,55,80,79,1744,19930001,0
188,1417521856,972987474,10,80,78,2191,20008000,0
188,1417521856,972987474,62,80,79,1249,20321001,2
189,1417521856,972987474,11,80,81,1606,20122001,0
189,1417521856,973987461,60,80,79,1602,19824000,0
189,1417521856,973987461,54,80,79,1258,20603001,2
189,1417521856,973987461,56,80,79,1602,20498001,6
189,1417521856,973987461,53,80,73,656,20547001,11
190,1417521856,973987461,57,80,73,656,19778001,0
190,1417521856,973987461,58,80,79,1249,19911001,0
190,1417521856,973987461,61,80,74,656,20406001,1
190,1417521856,973987461,51,80,79,1744,21719001,7
190,1417521856,973987461,6,80,79,2185,20149001,0
191,1417521856,992987216,5,80,89,1765,20071001,0
191,1417521856,992987216,12,80,81,1296,20186001,0
191,1417521856,992987216,3,80,81,1606,20388001,0
191,1417521856,992987216,7,80,82,1606,20616001,0
191,1417521856,992987216,1,80,85,1696,20677001,9
192,1417521856,993987203,9,80,89,1765,20876001,8
192,1417521856,993987203,4,80,81,1296,20820001,8
192,1417521856,993987203,2,80,76,2109,21026001,5
192,1417521856,993987203,8,80,81,1290,20890001,0
192,1417521856,993987203,50,80,80,1268,20064001,0
193,1417521856,993987203,59,80,79,1744,19694001,0
193,1417521856,993987203,52,80,79,1598,19911001,0
193,1417521856,993987203,62,80,79,1258,20423001,1
193,1417521856,993987203,54,80,79,1258,21053001,8
193,1417521856,993987203,60,80,79,1602,20421001,7
194,1417521856,993987203,11,80,81,1606,20993001,10
194,1417521856,994987190,55,80,79,1744,20158001,0
194,1417521856,994987190,56,80,79,1602,20919001,7
194,1417521856,994987190,10,80,79,2191,21434001,10
194,1417521856,994987190,57,80,74,656,20959001,12
195,1417521856,994987190,53,80,74,656,21195001,6
195,1417521856,994987190,58,80,79,1249,20849001,2
195,1417521856,994987190,61,80,65,564,20165001,0
195,1417521856,994987190,51,80,79,1744,20431001,2
195,1417521856,994987190,12,80,81,1296,18667001,0
196,1417521857,12999833,5,80,88,1765,19134001,0
196,1417521857,12999833,6,80,79,2185,19632001,0
196,1417521857,12999833,3,80,81,1606,18482001,0
196,1417521857,13999820,7,80,81,1606,19097001,0
196,1417521857,13999820,1,80,89,1765,18142001,0
197,1417521857,13999820,9,80,88,1765,18448001,0
197,1417521857,13999820,4,80,81,1296,19624001,0
197,1417521857,13999820,2,80,77,2109,20047001,0
197,1417521857,13999820,8,80,81,1296,19825001,0
197,1417521857,13999820,59,80,79,1744,20303001,1
198,1417521857,13999820,52,80,79,1598,20588001,9
198,1417521857,13999820,60,80,79,1606,20535001,4
198,1417521857,13999820,62,80,79,1258,20659001,8
198,1417521857,14999807,11,80,81,1623,19347001,0
198,1417521857,14999807,55,80,79,1753,20878001,3
199,1417521857,14999807,56,80,79,1602,19869001,0
199,1417521857,14999807,54,80,80,1268,20142001,0
199,1417521857,14999807,10,80,79,2185,19171001,0
199,1417521857,14999807,53,80,65,564,20197001,0
199,1417521857,14999807,57,80,65,564,21248001,4
200,1417521857,14999807,58,80,79,1249,21509001,1
200,1417521857,14999807,61,80,66,564,20245001,3
200,1417521857,15999795,51,80,79,1744,19932001,0
200,1417521857,15999795,50,80,79,1258,21524001,2
200,1417521857,15999795,5,80,87,1765,20320001,1
201,1417521857,32999576,6,80,78,2166,20049001,0
201,1417521857,33999563,12,80,81,1296,20204001,0
201,1417521857,33999563,7,80,81,1606,20262001,1
201,1417521857,33999563,3,80,81,1623,20321001,2
201,1417521857,33999563,1,80,88,1765,20205001,1
202,1417521857,33999563,9,80,87,1765,20103001,0
202,1417521857,33999563,4,80,81,1300,19943001,0
202,1417521857,33999563,2,80,78,2109,20335001,1
202,1417521857,33999563,8,80,81,1296,20170001,0
202,1417521857,33999563,52,80,79,1598,20267001,0
203,1417521857,34999550,59,80,79,1753,20130001,0
203,1417521857,34999550,60,80,79,1606,19685001,0
203,1417521857,34999550,62,80,79,1258,19799001,0
203,1417521857,34999550,56,80,79,1602,20359001,3
203,1417521857,34999550,55,80,79,1753,20881001,5
204,1417521857,34999550,11,80,81,1623,20189001,0
204,1417521857,34999550,53,80,66,564,19949001,0
204,1417521857,34999550,57,80,66,564,19835001,0
204,1417521857,34999550,10,80,79,2185,20156001,0
204,1417521857,34999550,54,80,80,1268,20368001,0
205,1417521857,34999550,61,80,67,564,21175001,18
205,1417521857,35999537,58,80,79,1258,21369001,1
205,1417521857,35999537,51,80,79,1753,20276001,5
205,1417521857,35999537,50,80,79,1258,20138001,0
205,1417521857,35999537,6,80,79,2166,20392001,3
206,1417521857,53999305,5,80,86,1765,20116001,0
206,1417521857,53999305,7,80,81,1606,20441001,3
206,1417521857,53999305,12,80,81,1300,20234001,0
206,1417521857,53999305,3,80,81,1623,20469001,1
206,1417521857,53999305,1,80,87,1765,20397001,5
207,1417521857,53999305,9,80,86,1765,20394001,1
207,1417521857,53999305,2,80,77,2091,20594001,5
207,1417521857,54999292,4,80,81,1300,20515001,3
207,1417521857,54999292,8,80,81,1296,20497001,9
207,1417521857,54999292,60,80,79,1606,20733001,9
208,1417521857,54999292,62,80,80,1268,20789001,7
208,1417521857,54999292,52,80,79,1594,19331001,0
208,1417521857,54999292,59,80,79,1753,20824001,6
208,1417521857,54999292,55,80,79,1753,20695001,2
208,1417521857,54999292,56,80,79,1606,19969001,0
209,1417521857,54999292,11,80,81,1623,20099001,0
209,1417521857,54999292,54,80,80,1268,20439001,5
209,1417521857,54999292,57,80,67,564,20343001,2
209,1417521857,54999292,10,80,79,2185,20382001,0
209,1417521857,54999292,53,80,67,564,20082001,0
210,1417521857,54999292,61,80,68,564,19626001,0
210,1417521857,55999280,58,80,79,1258,21304001,2
210,1417521857,55999280,50,80,79,1258,1042001,0
210,1417521857,55999280,51,80,79,1753,20611001,4
210,1417521857,55999280,5,80,85,1765,19790001,0
211,1417521857,73999048,7,80,81,1623,19649001,0
211,1417521857,73999048,12,80,81,1300,19844001,0
211,1417521857,73999048,3,80,81,1623,19752001,0
211,1417521857,73999048,9,80,85,1765,20341001,5
211,1417521857,74999035,1,80,86,1765,19090001,0
212,1417521857,74999035,4,80,81,1300,19854001,0
212,1417521857,74999035,2,80,78,2091,19569001,0
212,1417521857,74999035,8,80,81,1300,20094001,0
212,1417521857,74999035,6,80,79,2166,19935001,0
212,1417521857,74999035,59,80,79,1753,20877001,1
213,1417521857,74999035,62,80,80,1268,19989001,0
213,1417521857,74999035,52,80,79,1594,20614001,6
213,1417521857,74999035,11,80,81,1630,20133001,0
213,1417521857,74999035,57,80,68,564,20489001,6
213,1417521857,74999035,10,80,78,2166,20164001,0
214,1417521857,75999022,54,80,79,1258,21014001,6
214,1417521857,75999022,61,80,69,564,20039001,0
214,1417521857,75999022,53,80,68,564,20739001,7
214,1417521857,75999022,60,80,79,1598,20323001,0
214,1417521857,75999022,56,80,79,1606,21156001,1
215,1417521857,75999022,58,80,79,1258,21543001,1
215,1417521857,75999022,51,80,79,1753,19905001,0
215,1417521857,75999022,50,80,79,1258,21048001,12
215,1417521857,75999022,55,80,79,1744,20995001,0
215,1417521857,75999022,3,80,81,1630,20149001,0
216,1417521857,93998790,5,80,84,1765,20199001,0
216,1417521857,93998790,7,80,81,1623,19836001,0
216,1417521857,94998777,12,80,81,1300,19913001,0
216,1417521857,94998777,9,80,84,1765,20054001,0
216,1417521857,94998777,4,80,81,1300,20546001,7
217,1417521857,94998777,8,80,81,1300,20359001,1
217,1417521857,94998777,6,80,79,2166,19717001,0
217,1417521857,94998777,1,80,85,1765,20258001,0
217,1417521857,94998777,2,80,79,2091,20599001,4
217,1417521857,94998777,11,80,81,1630,20062001,0
218,1417521857,94998777,59,80,79,1744,20249001,0
218,1417521857,94998777,62,80,80,1268,20350001,0
218,1417521857,95998765,54,80,79,1258,19759001,0
218,1417521857,95998765,61,80,70,564,21107001,1
218,1417521857,95998765,57,80,69,564,19840001,0
219,1417521857,95998765,10,80,79,2166,20226001,0
219,1417521857,95998765,53,80,69,564,20110001,0
219,1417521857,95998765,52,80,79,1594,20515001,0
219,1417521857,95998765,60,80,79,1598,20233001,0
219,1417521857,95998765,56,80,79,1606,21235001,6
220,1417521857,95998765,58,80,80,1268,20249001,1
220,1417521857,95998765,50,80,78,1239,20514001,1
220,1417521857,95998765,51,80,79,1744,21291001,16
220,1417521857,96998752,55,80,79,1744,20169001,0
220,1417521857,96998752,7,80,81,1623,19839001,0
221,1417521857,114998520,12,80,81,1300,19681001,0
221,1417521857,114998520,5,80,83,1765,20022001,0
221,1417521857,114998520,3,80,81,1630,19772001,0
221,1417521857,114998520,8,80,81,1300,19934001,0
221,1417521857,114998520,9,80,83,1765,19887001,0
222,1417521857,114998520,4,80,81,1300,20246001,1
222,1417521857,114998520,6,80,76,2135,20377001,2
222,1417521857,114998520,2,80,79,2091,20626001,3
222,1417521857,114998520,1,80,84,1765,20122001,0
222,1417521857,114998520,11,80,81,1630,20288001,1
223,1417521857,114998520,62,80,79,1258,19919001,0
223,1417521857,114998520,59,80,79,1744,20262001,0
223,1417521857,115998507,10,80,79,2166,20413001,4
223,1417521857,115998507,57,80,70,564,21029001,10
223,1417521857,115998507,52,80,79,1594,20131001,0
224,1417521857,115998507,53,80,70,564,20920001,1
224,1417521857,115998507,56,80,79,1598,19670001,0
224,1417521857,115998507,60,80,79,1598,21063001,10
224,1417521857,115998507,54,80,79,1258,20646001,1
224,1417521857,115998507,58,80,80,1268,20160001,0
225,1417521857,115998507,61,80,71,564,20711001,2
225,1417521857,115998507,50,80,79,1239,20420001,8
225,1417521857,115998507,55,80,79,1744,20171001,0
225,1417521857,115998507,51,80,79,1744,20268001,0
225,1417521857,116998494,7,80,81,1630,19978001,0
226,1417521857,134998262,8,80,81,1300,19993001,0
226,1417521857,134998262,5,80,82,1765,20105001,0
226,1417521857,134998262,3,80,81,1630,20059001,0
226,1417521857,134998262,12,80,81,1300,20228001,0
226,1417521857,134998262,9,80,82,1765,20139001,0
227,1417521857,134998262,4,80,81,1300,20300001,3
227,1417521857,134998262,6,80,77,2135,20403001,7
227,1417521857,135998250,2,80,77,2063,20030001,0
227,1417521857,135998250,1,80,83,1765,20339001,8
227,1417521857,135998250,11,80,81,1643,20130001,0
228,1417521857,135998250,10,80,79,2166,20129001,0
228,1417521857,135998250,59,80,79,1744,20087001,0
228,1417521857,135998250,57,80,71,564,19082001,0
228,1417521857,135998250,62,80,79,1258,19540001,0
228,1417521857,135998250,60,80,79,1594,20025001,0
229,1417521857,135998250,56,80,79,1598,20965001,10
229,1417521857,135998250,54,80,79,1258,20407001,5
229,1417521857,135998250,52,80,79,1593,20754001,4
229,1417521857,136998237,61,80,68,528,21140001,2
229,1417521857,136998237,58,80,80,1268,19680001,0
230,1417521857,136998237,53,80,71,564,20235001,0
230,1417521857,136998237,50,80,79,1239,21338001,2
230,1417521857,136998237,55,80,79,1744,20165001,0
230,1417521857,136998237,51,80,79,1744,20144001,0
230,1417521857,136998237,3,80,81,1643,19917001,0
231,1417521857,154998005,9,80,81,1765,20171001,0
231,1417521857,154998005,7,80,81,1630,19895001,0
231,1417521857,154998005,12,80,81,1300,19820001,0
231,1417521857,154998005,8,80,81,1300,20080001,0
231,1417521857,154998005,6,80,78,2135,20277001,1
232,1417521857,155997992,5,80,81,1765,19850001,0
232,1417521857,155997992,2,80,78,2063,20169001,0
232,1417521857,155997992,1,80,82,1765,19777001,0
232,1417521857,155997992,4,80,81,1300,20371001,0
232,1417521857,155997992,11,80,81,1643,20086001,0
233,1417521857,155997992,10,80,76,2135,20157001,0
233,1417521857,155997992,59,80,79,1744,20337001,1
233,1417521857,155997992,57,80,68,528,20814001,10
233,1417521857,155997992,60,80,79,1594,20991001,10
233,1417521857,155997992,56,80,79,1598,19749001,0
234,1417521857,156997979,54,80,78,1239,20933001,10
234,1417521857,156997979,62,80,79,1258,20649001,6
234,1417521857,156997979,61,80,69,528,20007001,0
234,1417521857,156997979,58,80,79,1258,20607001,9
234,1417521857,156997979,52,80,79,1593,20362001,0
235,1417521857,156997979,50,80,79,1229,20987001,1
235,1417521857,156997979,55,80,79,1734,20427001,1
235,1417521857,156997979,53,80,68,528,20404001,0
235,1417521857,156997979,51,80,79,1744,20156001,0
235,1417521857,156997979,2,80,79,2063,19919001,0
236,1417521857,174997747,5,80,81,1765,20014001,0
236,1417521857,175997735,7,80,81,1630,20064001,0
236,1417521857,175997735,9,80,81,1765,19869001,0
236,1417521857,175997735,8,80,81,1300,20012001,0
236,1417521857,175997735,6,80,76,2109,20124001,0
237,1417521857,175997735,4,80,79,1282,20037001,0
237,1417521857,175997735,12,80,81,1300,20010001,0
237,1417521857,175997735,1,80,81,1765,20344001,10
237,1417521857,175997735,3,80,81,1643,20293001,0
237,1417521857,175997735,11,80,81,1643,20112001,0
238,1417521857,176997722,10,80,77,2135,20306001,1
238,1417521857,176997722,60,80,79,1594,19791001,0
238,1417521857,176997722,59,80,79,1734,20132001,0
238,1417521857,176997722,54,80,79,1239,19536001,0
238,1417521857,176997722,56,80,79,1594,20954001,8
239,1417521857,176997722,61,80,70,528,20288001,1
239,1417521857,176997722,57,80,69,528,20159001,0
239,1417521857,176997722,58,80,79,1258,20171001,0
239,1417521857,176997722,62,80,79,1258,20268001,0
239,1417521857,176997722,52,80,79,1593,21040001,5
240,1417521857,176997722,50,80,79,1229,19773001,0
240,1417521857,177997709,53,80,69,528,21547001,3
240,1417521857,177997709,55,80,79,1734,21302001,15
240,1417521857,177997709,51,80,79,1734,20783001,1
240,1417521857,177997709,5,80,81,1765,20181001,0
241,1417521857,195997477,9,80,81,1765,19930001,0
241,1417521857,195997477,7,80,81,1643,20148001,0
241,1417521857,195997477,2,80,77,2042,20106001,0
241,1417521857,195997477,4,80,79,1282,20372001,2
241,1417521857,195997477,8,80,81,1300,20209001,0
242,1417521857,195997477,12,80,79,1282,20178001,0
242,1417521857,195997477,6,80,77,2109,20380001,0
242,1417521857,195997477,1,80,81,1765,20396001,0
242,1417521857,195997477,3,80,81,1643,20541001,1
242,1417521857,195997477,11,80,81,1643,20567001,11
243,1417521857,196997464,10,80,78,2135,19935001,0
243,1417521857,196997464,59,80,79,1734,20598001,7
243,1417521857,196997464,60,80,79,1594,19482001,0
243,1417521857,196997464,56,80,79,1594,20120001,0
243,1417521857,196997464,57,80,70,528,20234001,0
244,1417521857,196997464,61,80,71,528,19911001,0
244,1417521857,196997464,58,80,79,1258,20360001,1
244,1417521857,196997464,52,80,79,1584,20027001,0
244,1417521857,196997464,50,80,79,1229,20292001,8
244,1417521857,196997464,55,80,79,1734,19936001,0
245,1417521857,196997464,62,80,78,1239,21615001,17
245,1417521857,196997464,51,80,79,1734,20135001,0
245,1417521857,196997464,53,80,70,528,20189001,0
245,1417521857,196997464,54,80,79,1239,21843001,4
245,1417521857,197997451,9,80,81,1765,19859001,0
246,1417521857,215997220,5,80,81,1765,20090001,0
246,1417521857,215997220,4,80,79,1282,20130001,0
246,1417521857,215997220,12,80,79,1282,20206001,1
246,1417521857,215997220,6,80,78,2109,20154001,0
246,1417521857,215997220,7,80,81,1643,19968001,0
247,1417521857,216997207,2,80,78,2042,19713001,0
247,1417521857,216997207,1,80,81,1765,20190001,0
247,1417521857,216997207,8,80,79,1282,19954001,0
247,1417521857,216997207,3,80,81,1643,19997001,0
247,1417521857,216997207,11,80,81,1662,20101001,0
248,1417521857,216997207,10,80,76,2109,20767001,12
248,1417521857,216997207,59,80,79,1734,20584001,6
248,1417521857,217997194,57,80,71,528,19968001,0
248,1417521857,217997194,60,80,79,1593,20865001,10
248,1417521857,217997194,61,80,72,528,19720001,0
249,1417521857,217997194,58,80,79,1258,21051001,10
249,1417521857,217997194,52,80,79,1584,20994001,3
249,1417521857,217997194,56,80,79,1594,20599001,0
249,1417521857,217997194,62,80,79,1239,20112001,0
249,1417521857,217997194,51,80,79,1734,20559001,5
250,1417521857,217997194,53,80,71,528,20133001,0
250,1417521857,217997194,55,80,79,1736,20425001,1
250,1417521857,218997181,54,80,79,1229,20103001,0
250,1417521857,218997181,50,80,78,1215,21238001,2
250,1417521857,218997181,6,80,77,2091,20085001,0
251,1417521857,235996962,9,80,81,1765,20088001,0
251,1417521857,235996962,12,80,79,1282,20089001,0
251,1417521857,236996949,7,80,81,1643,19943001,0
251,1417521857,236996949,2,80,79,2042,20103001,0
251,1417521857,236996949,4,80,79,1290,20042001,0
252,1417521857,236996949,1,80,81,1765,19952001,0
252,1417521857,236996949,11,80,81,1662,20155001,0
252,1417521857,236996949,3,80,81,1662,19946001,0
252,1417521857,236996949,5,80,81,1765,20158001,0
252,1417521857,236996949,10,80,77,2109,20164001,0
253,1417521857,236996949,8,80,79,1282,20391001,3
253,1417521857,236996949,61,80,73,528,19873001,0
253,1417521857,237996936,60,80,79,1593,20151001,0
253,1417521857,237996936,58,80,78,1239,20043001,0
253,1417521857,237996936,57,80,72,528,20502001,1
254,1417521857,237996936,56,80,79,1594,20887001,5
254,1417521857,237996936,62,80,79,1239,19993001,0
254,1417521857,237996936,51,80,79,1736,20627001,3
254,1417521857,237996936,53,80,72,528,20034001,0
254,1417521857,237996936,55,80,79,1736,20315001,1
255,1417521857,237996936,59,80,79,1736,20894001,0
255,1417521857,237996936,52,80,79,1584,20206001,0
255,1417521857,238996923,50,80,79,1215,20099001,0
255,1417521857,238996923,54,80,79,1229,20521001,9
255,1417521857,238996923,9,80,81,1765,19796001,0
256,1417521857,256996692,6,80,78,2091,20111001,0
256,1417521857,256996692,2,80,78,2030,19968001,0
256,1417521857,256996692,7,80,81,1643,19678001,0
256,1417521857,256996692,1,80,81,1765,20032001,0
256,1417521857,256996692,12,80,79,1290,19896001,0
257,1417521857,256996692,4,80,79,1290,20319001,3
257,1417521857,256996692,11,80,81,1662,19948001,0
257,1417521857,256996692,5,80,81,1765,20037001,0
257,1417521857,256996692,10,80,78,2109,19929001,0
257,1417521857,257996679,3,80,81,1662,20247001,0
258,1417521857,257996679,8,80,79,1282,20545001,4
258,1417521857,257996679,60,80,79,1593,20276001,0
258,1417521857,257996679,58,80,79,1239,20791001,12
258,1417521857,257996679,61,80,67,465,20875001,9
258,1417521857,257996679,57,80,73,528,19889001,0
259,1417521857,257996679,56,80,79,1593,20066001,0
259,1417521857,257996679,62,80,79,1229,20469001,7
259,1417521857,257996679,51,80,79,1736,20261001,1
259,1417521857,257996679,53,80,73,528,20594001,2
259,1417521857,258996666,55,80,79,1736,20330001,2
260,1417521857,258996666,59,80,79,1736,19996001,0
260,1417521857,258996666,52,80,79,1588,21199001,11
260,1417521857,258996666,50,80,79,1215,21001001,12
260,1417521857,258996666,54,80,79,1229,21371001,9
260,1417521857,258996666,7,80,81,1662,20138001,0
261,1417521857,276996434,9,80,81,1765,19645001,0
261,1417521857,276996434,12,80,79,1290,19742001,0
261,1417521857,276996434,1,80,81,1765,20110001,0
261,1417521857,276996434,11,80,81,1668,19910001,0
261,1417521857,276996434,6,80,79,2091,20239001,0
262,1417521857,276996434,4,80,79,1290,19968001,0
262,1417521857,276996434,10,80,77,2091,20069001,0
262,1417521857,277996421,3,80,81,1662,19930001,0
262,1417521857,277996421,8,80,79,1290,20203001,1
262,1417521857,277996421,5,80,81,1765,20010001,0
263,1417521857,277996421,2,80,79,2030,20429001,0
263,1417521857,277996421,60,80,79,1584,19940001,0
263,1417521857,277996421,58,80,79,1239,19925001,0
263,1417521857,277996421,61,80,68,465,20214001,0
263,1417521857,277996421,56,80,79,1593,20196001,0
264,1417521857,277996421,57,80,67,465,20095001,0
264,1417521857,278996409,62,80,79,1229,19962001,0
264,1417521857,278996409,51,80,79,1736,21005001,12
264,1417521857,278996409,53,80,67,465,20089001,0
264,1417521857,278996409,59,80,79,1736,20625001,4
265,1417521857,278996409,50,80,79,1215,19995001,0
265,1417521857,278996409,52,80,79,1588,20213001,0
265,1417521857,278996409,55,80,80,1746,20186001,0
265,1417521857,278996409,54,80,78,1215,20127001,0
265,1417521857,278996409,1,80,81,1765,19845001,0
266,1417521857,296996177,9,80,81,1765,19808001,0
266,1417521857,296996177,7,80,81,1662,19941001,0
266,1417521857,296996177,11,80,81,1668,19853001,0
266,1417521857,296996177,4,80,79,1290,20351001,0
266,1417521857,296996177,10,80,78,2091,20075001,0
267,1417521857,296996177,3,80,81,1668,20479001,8
267,1417521857,297996164,8,80,79,1290,20252001,0
267,1417521857,297996164,5,80,81,1765,20500001,11
267,1417521857,297996164,2,80,79,2030,20500001,1
267,1417521857,297996164,6,80,79,2091,20559001,0
268,1417521857,297996164,12,80,79,1290,20682001,0
268,1417521857,297996164,61,80,69,465,20007001,0
268,1417521857,297996164,60,80,79,1584,20219001,0
268,1417521857,297996164,58,80,79,1229,20765001,5
268,1417521857,297996164,57,80,68,465,20845001,12
269,1417521857,297996164,56,80,79,1593,19978001,0
269,1417521857,298996151,62,80,79,1229,19811001,0
269,1417521857,298996151,59,80,80,1746,20072001,0
269,1417521857,298996151,51,80,80,1746,21029001,1
269,1417521857,298996151,53,80,68,465,21138001,9
270,1417521857,298996151,50,80,79,1207,20319001,6
270,1417521857,298996151,52,80,79,1588,20044001,0
270,1417521857,298996151,55,80,80,1746,20227001,0
270,1417521857,298996151,54,80,79,1215,20161001,0
270,1417521857,298996151,7,80,81,1662,20074001,0
271,1417521857,316995919,11,80,81,1668,19871001,0
271,1417521857,316995919,1,80,81,1765,19941001,0
271,1417521857,316995919,9,80,81,1765,19756001,0
271,1417521857,316995919,10,80,79,2091,20034001,0
271,1417521857,317995906,4,80,80,1305,19813001,0
272,1417521857,317995906,8,80,79,1290,20421001,9
272,1417521857,317995906,3,80,81,1668,19737001,0
272,1417521857,317995906,5,80,81,1765,20092001,0
272,1417521857,317995906,6,80,77,2063,20202001,0
272,1417521857,317995906,2,80,79,2030,20385001,11
273,1417521857,317995906,12,80,79,1290,20098001,0
273,1417521857,317995906,61,80,70,465,20719001,5
273,1417521857,317995906,58,80,79,1229,20923002,7
273,1417521857,318995894,60,80,79,1584,20211001,0
273,1417521857,318995894,56,80,79,1584,20724001,15
274,1417521857,318995894,57,80,69,465,20356002,0
274,1417521857,318995894,62,80,78,1215,20064001,0
274,1417521857,318995894,59,80,80,1746,20874001,20
274,1417521857,318995894,53,80,69,465,21154001,8
274,1417521857,318995894,51,80,80,1746,20001001,0
275,1417521857,318995894,50,80,79,1207,19897001,0
275,1417521857,318995894,52,80,79,1588,20067002,0
275,1417521857,318995894,54,80,79,1215,20613002,11
275,1417521857,318995894,55,80,80,1746,21100001,14
275,1417521857,319995881,1,80,81,1765,19934001,0
276,1417521857,336995662,9,80,81,1765,20197002,0
276,1417521857,337995649,4,80,80,1305,19758001,0
276,1417521857,337995649,7,80,81,1668,19854001,0
276,1417521857,337995649,10,80,79,2091,20149001,0
276,1417521857,337995649,3,80,81,1668,19888001,0
277,1417521857,337995649,6,80,78,2063,20357002,11
277,1417521857,337995649,2,80,79,2024,20064002,0
277,1417521857,337995649,5,80,81,1765,20372001,8
277,1417521857,337995649,11,80,81,1684,20182001,0
277,1417521857,337995649,8,80,79,1290,20003002,0
278,1417521857,337995649,12,80,80,1305,20186001,0
278,1417521857,338995636,58,80,79,1229,19818001,0
278,1417521857,338995636,61,80,71,465,19434001,0
278,1417521857,338995636,60,80,79,1588,19399002,0
278,1417521857,338995636,56,80,79,1584,20066001,0
279,1417521857,338995636,57,80,70,465,19572001,0
279,1417521857,338995636,59,80,80,1746,19823001,0
279,1417521857,338995636,53,80,70,465,19678002,0
279,1417521857,338995636,51,80,80,1746,20612001,6
279,1417521857,339995623,50,80,79,1207,20336002,1
280,1417521857,339995623,52,80,80,1599,20273002,3
280,1417521857,339995623,62,80,79,1215,21537002,11
280,1417521857,339995623,54,80,79,1215,20054001,0
280,1417521857,339995623,55,80,80,1746,20076001,0
280,1417521857,339995623,1,80,81,1765,20095002,0
281,1417521857,356995404,9,80,81,1765,19999001,0
281,1417521857,356995404,7,80,81,1668,19981002,0
281,1417521857,356995404,10,80,77,2063,19885001,0
281,1417521857,356995404,4,80,80,1305,20058001,0
281,1417521857,356995404,6,80,79,2063,19998001,0
282,1417521857,357995391,2,80,79,2024,19882001,0
282,1417521857,357995391,5,80,81,1765,19998002,0
282,1417521857,357995391,3,80,81,1684,19989002,0
282,1417521857,357995391,8,80,80,1305,20526001,2
282,1417521857,357995391,12,80,80,1305,20507001,2
283,1417521857,357995391,11,80,81,1684,20348002,0
283,1417521857,357995391,58,80,78,1215,19567002,0
283,1417521857,357995391,60,80,79,1588,20116001,0
283,1417521857,357995391,56,80,79,1584,19706002,0
283,1417521857,358995379,57,80,71,465,20072001,0
284,1417521857,358995379,59,80,80,1746,20124001,0
284,1417521857,358995379,50,80,80,1225,20433002,1
284,1417521857,358995379,61,80,72,465,20029001,0
284,1417521857,358995379,51,80,80,1746,21453001,7
284,1417521857,358995379,53,80,71,465,20556001,3
285,1417521857,358995379,62,80,79,1215,20141001,0
285,1417521857,358995379,54,80,79,1207,20201002,0
285,1417521857,358995379,52,80,80,1599,21055002,12
285,1417521857,359995366,55,80,81,1757,20258002,1
285,1417521857,359995366,10,80,78,2063,19724001,0
286,1417521857,377995134,9,80,81,1765,20168001,0
286,1417521857,377995134,4,80,79,1302,20019002,0
286,1417521857,377995134,2,80,79,2024,20358002,1
286,1417521857,377995134,12,80,80,1305,20004002,0
286,1417521857,378995121,8,80,80,1305,20093002,0
287,1417521857,378995121,3,80,81,1684,20099002,0
287,1417521857,378995121,11,80,81,1684,20426002,8
287,1417521857,378995121,6,80,77,2042,20353002,0
287,1417521857,378995121,1,80,81,1765,19964002,0
287,1417521857,378995121,7,80,81,1668,20348001,0
288,1417521857,378995121,5,80,81,1765,20010002,0
288,1417521857,378995121,58,80,79,1215,19649002,0
288,1417521857,378995121,60,80,79,1588,19730001,0
288,1417521857,379995108,56,80,79,1588,20031002,0
288,1417521857,379995108,59,80,81,1757,19788002,0
289,1417521857,379995108,57,80,72,465,20260002,2
289,1417521857,379995108,50,80,80,1225,20495001,3
289,1417521857,379995108,61,80,73,465,19931002,0
289,1417521857,379995108,51,80,81,1757,20037002,0
289,1417521857,379995108,53,80,72,465,20157001,0
290,1417521857,379995108,62,80,79,1215,19839002,0
290,1417521857,379995108,54,80,79,1207,20515002,1
290,1417521857,379995108,52,80,80,1599,20134002,0
290,1417521857,380995095,55,80,81,1757,20087002,0
290,1417521857,380995095,2,80,79,2024,20217002,0
291,1417521857,397994876,9,80,81,1765,20160002,0
291,1417521857,397994876,10,80,79,2063,19720002,0
291,1417521857,397994876,4,80,79,1302,20257002,0
291,1417521857,398994864,8,80,80,1305,20161002,0
291,1417521857,398994864,12,80,79,1302,20066002,0
292,1417521857,398994864,3,80,81,1684,19850002,0
292,1417521857,398994864,11,80,81,1684,19989001,0
292,1417521857,398994864,7,80,81,1684,20769002,1
292,1417521857,398994864,1,80,81,1765,20772002,7
292,1417521857,398994864,6,80,78,2042,20781001,4
293,1417521857,398994864,5,80,81,1765,20349002,0
293,1417521857,398994864,60,80,79,1588,20774002,1
293,1417521857,398994864,58,80,79,1215,21072002,14
293,1417521857,398994864,56,80,79,1588,20638002,1
293,1417521857,398994864,59,80,81,1757,20588002,12
294,1417521857,399994851,57,80,73,465,21153002,6
294,1417521857,399994851,61,80,74,465,21338002,6
294,1417521857,399994851,51,80,81,1757,20020002,0
294,1417521857,399994851,53,80,73,465,20278002,3
294,1417521857,399994851,62,80,79,1207,20276002,1
295,1417521857,399994851,50,80,80,1225,20737002,3
295,1417521857,399994851,54,80,79,1207,20139002,0
295,1417521857,399994851,52,80,79,1598,20147002,0
295,1417521857,399994851,55,80,81,1757,20130002,0
295,1417521857,399994851,9,80,81,1765,19725002,0
296,1417521857,418994606,2,80,79,2024,19998002,0
296,1417521857,418994606,4,80,79,1302,19839002,0
296,1417521857,418994606,8,80,79,1302,20097002,0
296,1417521857,418994606,11,80,82,1705,19888002,0
296,1417521857,418994606,12,80,79,1302,20223002,0
297,1417521857,418994606,10,80,77,2042,19812002,0
297,1417521857,418994606,7,80,81,1684,19857002,0
297,1417521857,418994606,3,80,81,1684,19976002,0
297,1417521857,418994606,6,80,79,2042,20064002,0
297,1417521857,418994606,1,80,81,1765,19873002,0
298,1417521857,419994593,5,80,81,1765,20137002,0
298,1417521857,419994593,58,80,79,1215,20158002,0
298,1417521857,419994593,60,80,80,1599,20873002,11
298,1417521857,419994593,59,80,81,1757,19743002,0
298,1417521857,419994593,56,80,79,1588,20807002,11
299,1417521857,419994593,57,80,74,465,21004002,6
299,1417521857,419994593,61,80,75,465,19703002,0
299,1417521857,419994593,51,80,81,1757,20425002,6
299,1417521857,419994593,62,80,79,1207,20329002,3
299,1417521857,419994593,53,80,74,465,20632002,17
300,1417521857,419994593,50,80,80,1227,20076002,0
300,1417521857,419994593,54,80,80,1225,20858002,11
300,1417521857,419994593,52,80,79,1598,20733002,2
300,1417521857,420994580,55,80,80,1754,20277002,1
300,1417521857,420994580,4,80,79,1307,20011002,0
301,1417521857,438994349,9,80,81,1765,19899002,0
301,1417521857,438994349,11,80,81,1705,19753002,0
301,1417521857,438994349,2,80,79,2024,19870002,0
301,1417521857,438994349,7,80,81,1684,20230002,4
301,1417521857,438994349,3,80,82,1705,20092002,0
302,1417521857,438994349,6,80,78,2030,20346002,8
302,1417521857,438994349,8,80,79,1302,20026002,0
302,1417521857,438994349,10,80,78,2042,19767002,0
302,1417521857,438994349,1,80,81,1765,19916002,0
302,1417521857,438994349,12,80,79,1302,20237002,0
303,1417521857,439994336,5,80,81,1765,19549002,0
303,1417521857,439994336,60,80,80,1599,20002002,0
303,1417521857,439994336,59,80,80,1754,19864002,0
303,1417521857,439994336,56,80,79,1588,19240002,0
303,1417521857,439994336,57,80,75,465,20990002,3
304,1417521857,439994336,61,80,76,465,19912002,0
304,1417521857,439994336,58,80,79,1207,19964002,0
304,1417521857,439994336,51,80,80,1754,20487002,1
304,1417521857,439994336,50,80,80,1227,20021002,0
304,1417521857,439994336,54,80,80,1225,19933002,0
305,1417521857,439994336,52,80,79,1598,20665002,3
305,1417521857,439994336,55,80,80,1754,20193002,0
305,1417521857,439994336,53,80,75,465,20266002,0
305,1417521857,439994336,62,80,79,1207,21157002,11
305,1417521857,440994323,9,80,81,1765,20054002,0
306,1417521857,458994091,6,80,79,2030,20015002,0
306,1417521857,458994091,11,80,81,1705,19614002,0
306,1417521857,458994091,7,80,81,1684,20148002,0
306,1417521857,458994091,8,80,79,1302,19914002,0
306,1417521857,458994091,4,80,79,1307,19911002,0
307,1417521857,459994078,10,80,79,2042,20071002,0
307,1417521857,459994078,2,80,78,2009,19992002,0
307,1417521857,459994078,1,80,81,1765,20245002,1
307,1417521857,459994078,12,80,79,1307,20594002,7
307,1417521857,459994078,3,80,81,1705,19794002,0
308,1417521857,459994078,5,80,81,1765,20436002,10
308,1417521857,459994078,59,80,80,1754,19993002,0
308,1417521857,459994078,57,80,76,465,19856002,0
308,1417521857,459994078,61,80,77,465,20328002,1
308,1417521857,459994078,58,80,79,1207,20296002,1
309,1417521857,460994065,60,80,80,1599,21132002,5
309,1417521857,460994065,51,80,80,1754,20483002,2
309,1417521857,460994065,50,80,80,1227,20616002,1
309,1417521857,460994065,54,80,80,1225,19883002,0
309,1417521857,460994065,52,80,78,1587,20777002,5
310,1417521857,460994065,53,80,76,465,20029002,0
310,1417521857,460994065,55,80,80,1754,20885002,6
310,1417521857,460994065,56,80,80,1599,20492002,0
310,1417521857,460994065,62,80,80,1225,20045002,0
310,1417521857,460994065,8,80,79,1307,20078002,0
311,1417521857,478993834,6,80,79,2030,20074002,0
311,1417521857,478993834,4,80,79,1307,19960002,0
311,1417521857,478993834,9,80,81,1765,20055002,0
311,1417521857,478993834,7,80,82,1705,19778002,0
311,1417521857,479993821,10,80,78,2030,19928002,0
312,1417521857,479993821,1,80,81,1765,20358002,9
312,1417521857,479993821,12,80,79,1307,20178002,0
312,1417521857,479993821,11,80,81,1720,19939002,0
312,1417521857,479993821,3,80,81,1705,20097002,0
312,1417521857,479993821,5,80,81,1765,20119002,0
313,1417521857,479993821,2,80,79,2009,19676002,0
313,1417521857,479993821,57,80,77,465,19741002,0
313,1417521857,479993821,59,80,80,1754,19973002,0
313,1417521857,479993821,61,80,78,465,20426002,10
313,1417521857,479993821,58,80,79,1207,19951002,0
314,1417521857,479993821,51,80,80,1754,19851002,0
314,1417521857,480993808,60,80,79,1598,19857002,0
314,1417521857,480993808,50,80,80,1227,20549002,5
314,1417521857,480993808,54,80,80,1227,20200002,1
314,1417521857,480993808,52,80,79,1587,19932002,0
315,1417521857,480993808,56,80,80,1599,20590002,1
315,1417521857,480993808,62,80,80,1225,20303002,1
315,1417521857,480993808,53,80,77,465,21126002,4
315,1417521857,480993808,55,80,80,1755,1215002,0
315,1417521857,480993808,6,80,79,2030,20202002,0
316,1417521857,498993576,9,80,81,1765,19822002,0
316,1417521857,499993563,8,80,79,1307,20099002,0
316,1417521857,499993563,7,80,81,1705,19889002,0
316,1417521857,499993563,10,80,79,2030,20118002,0
316,1417521857,499993563,12,80,79,1307,20082002,0
317,1417521857,499993563,3,80,81,1720,20546002,2
317,1417521857,499993563,4,80,79,1307,20483002,0
317,1417521857,499993563,11,80,81,1720,20114002,0
317,1417521857,499993563,5,80,81,1765,20399002,8
317,1417521857,499993563,2,80,79,2009,20495002,12
318,1417521857,499993563,1,80,81,1765,20198002,0
318,1417521857,499993563,59,80,80,1755,20759002,12
318,1417521857,499993563,61,80,79,465,20117002,0
318,1417521857,499993563,58,80,80,1225,20238002,2
318,1417521857,500993550,60,80,79,1598,19804002,0
319,1417521857,500993550,51,80,80,1755,21182002,9
319,1417521857,500993550,54,80,80,1227,20030002,0
319,1417521857,500993550,52,80,79,1587,20084002,0
319,1417521857,500993550,57,80,78,465,20587002,12
319,1417521857,500993550,50,80,79,1217,21259002,1
320,1417521857,500993550,53,80,78,465,20058002,0
320,1417521857,500993550,62,80,80,1225,21263002,9
320,1417521857,500993550,55,80,80,1755,20508002,3
320,1417521857,500993550,56,80,80,1599,20912002,23
320,1417521857,500993550,8,80,79,1307,19871002,0
321,1417521857,519993306,7,80,81,1705,19103002,0
321,1417521857,519993306,9,80,81,1765,19829002,0
321,1417521857,519993306,6,80,79,2024,20005002,0
321,1417521857,519993306,3,80,81,1720,20392002,8
321,1417521857,519993306,4,80,79,1315,20117002,0
322,1417521857,519993306,10,80,79,2030,18888002,0
322,1417521857,519993306,12,80,79,1307,19662002,0
322,1417521857,519993306,11,80,81,1720,19980002,0
322,1417521857,519993306,5,80,81,1765,20103002,0
322,1417521857,519993306,2,80,79,2009,19918002,0
323,1417521857,520993293,1,80,81,1765,20527002,10
323,1417521857,520993293,61,80,79,465,20870002,10
323,1417521857,520993293,59,80,80,1755,19361002,0
323,1417521857,520993293,58,80,80,1225,19545002,0
323,1417521857,520993293,51,80,80,1755,20361002,3
324,1417521857,520993293,60,80,79,1598,21042002,11
324,1417521857,520993293,54,80,80,1227,20704002,15
324,1417521857,520993293,52,80,79,1587,20576002,6
324,1417521857,520993293,57,80,79,465,20954002,1
324,1417521857,520993293,50,80,79,1217,20111002,0
325,1417521857,520993293,53,80,79,465,20594002,8
325,1417521857,520993293,62,80,80,1227,19897002,0
325,1417521857,520993293,55,80,80,1755,20507002,2
325,1417521857,520993293,56,80,79,1598,20373002,0
325,1417521857,520993293,7,80,81,1720,19847002,0
326,1417521857,539993048,8,80,79,1307,20181002,0
326,1417521857,539993048,9,80,81,1765,19851002,0
326,1417521857,539993048,3,80,81,1720,19917002,0
326,1417521857,539993048,4,80,79,1315,20334002,5
326,1417521857,539993048,12,80,79,1315,19826002,0
327,1417521857,539993048,11,80,81,1733,19883002,0
327,1417521857,539993048,5,80,81,1765,20100002,0
327,1417521857,540993035,2,80,77,1985,20296002,9
327,1417521857,540993035,1,80,81,1765,20069002,0
327,1417521857,540993035,10,80,79,2030,19922002,0
328,1417521857,540993035,6,80,79,2024,19673002,0
328,1417521857,540993035,59,80,80,1755,20835002,12
328,1417521857,540993035,58,80,80,1225,20907002,12
328,1417521857,540993035,51,80,80,1755,19423002,0
328,1417521857,540993035,60,80,78,1587,19793002,0
329,1417521857,540993035,61,80,79,465,19421002,0
329,1417521857,541993023,54,80,80,1227,19423002,0
329,1417521857,541993023,52,80,79,1585,20637002,2
329,1417521857,541993023,57,80,79,465,19945002,0
329,1417521857,541993023,53,80,79,465,20106002,0
330,1417521857,541993023,55,80,80,1755,21262002,20
330,1417521857,541993023,56,80,79,1598,20173002,0
330,1417521857,541993023,50,80,79,1217,20404002,0
330,1417521857,541993023,62,80,80,1227,21074002,2
330,1417521857,541993023,3,80,81,1733,19898002,0
331,1417521857,559992791,4,80,79,1315,20069002,0
331,1417521857,559992791,12,80,79,1315,19689002,0
331,1417521857,559992791,8,80,79,1315,19727002,0
331,1417521857,559992791,9,80,81,1765,19918002,0
331,1417521857,560992778,7,80,81,1720,20284002,0
332,1417521857,560992778,11,80,81,1733,19892002,0
332,1417521857,560992778,1,80,81,1765,20086002,0
332,1417521857,560992778,2,80,78,1985,20135002,0
332,1417521857,560992778,6,80,79,2024,20430002,12
332,1417521857,560992778,10,80,79,2024,20183002,0
333,1417521857,560992778,5,80,81,1765,20285002,0
333,1417521857,560992778,59,80,80,1755,20091002,0
333,1417521857,560992778,60,80,79,1587,20761002,12
333,1417521857,560992778,61,80,79,465,19801002,0
333,1417521857,560992778,54,80,79,1217,20593002,15
334,1417521857,561992765,52,80,79,1585,20202002,0
334,1417521857,561992765,57,80,79,465,20181002,0
334,1417521857,561992765,51,80,80,1755,19838002,0
334,1417521857,561992765,58,80,80,1227,20089002,0
334,1417521857,561992765,53,80,79,465,20323002,1
335,1417521857,561992765,55,80,79,1748,19901002,0
335,1417521857,561992765,56,80,79,1598,20726002,2
335,1417521857,561992765,50,80,79,1209,20317002,6
335,1417521857,561992765,62,80,80,1227,20183002,0
335,1417521857,561992765,12,80,79,1315,19866002,0
336,1417521857,580992520,8,80,79,1315,19706002,0
336,1417521857,580992520,3,80,81,1733,19650002,0
336,1417521857,580992520,9,80,81,1765,20157002,0
336,1417521857,580992520,1,80,81,1765,19765002,0
336,1417521857,580992520,7,80,81,1720,20071002,0
337,1417521857,580992520,4,80,79,1306,20105002,0
337,1417521857,580992520,11,80,81,1733,19837002,0
337,1417521857,580992520,5,80,81,1765,20383002,1
337,1417521857,580992520,6,80,79,2024,20132002,0
337,1417521857,580992520,59,80,79,1748,19914000,0
338,1417521857,580992520,61,80,79,465,19675000,0
338,1417521857,580992520,54,80,79,1217,19636000,0
338,1417521857,581992508,52,80,79,1585,19221000,0
338,1417521857,581992508,57,80,79,465,19967000,0
338,1417521857,581992508,60,80,79,1587,19573000,0
339,1417521857,581992508,51,80,79,1748,19898000,0
339,1417521857,581992508,10,80,79,2024,20133002,0
339,1417521857,581992508,58,80,80,1227,19924000,0
339,1417521857,581992508,2,80,79,1985,20492002,0
339,1417521857,581992508,55,80,79,1748,19625000,0
340,1417521857,581992508,56,80,78,1587,20230000,1
340,1417521857,581992508,50,80,79,1209,20109000,0
340,1417521857,581992508,53,80,79,465,20807000,5
340,1417521857,581992508,62,80,80,1227,20119000,0
340,1417521857,581992508,1,80,81,1765,19836000,0
341,1417521857,600992263,9,80,81,1765,20065000,0
341,1417521857,600992263,8,80,79,1315,20166000,0
341,1417521857,600992263,7,80,81,1733,19941000,0
341,1417521857,600992263,4,80,79,1306,20119000,0
341,1417521857,600992263,12,80,79,1306,20396000,0
342,1417521857,600992263,5,80,81,1765,20364000,11
342,1417521857,600992263,11,80,81,1733,19813000,0
342,1417521857,600992263,6,80,79,2024,20457000,0
342,1417521857,601992250,3,80,81,1733,20309000,0
342,1417521857,601992250,61,80,79,465,20894000,13
343,1417521857,601992250,57,80,79,465,21053000,15
343,1417521857,601992250,54,80,79,1217,20941000,12
343,1417521857,601992250,59,80,79,1748,20808000,2
343,1417521857,601992250,60,80,79,1587,21106000,14
343,1417521857,601992250,51,80,79,1748,20796000,3
344,1417521857,601992250,58,80,80,1227,20925000,9
344,1417521857,601992250,10,80,79,2024,20767000,0
344,1417521857,601992250,2,80,77,1962,21011000,6
344,1417521857,601992250,55,80,79,1748,21090000,16
344,1417521857,602992237,56,80,79,1587,21254000,2
345,1417521857,602992237,50,80,79,1209,21648000,17
345,1417521857,602992237,53,80,79,465,21469000,2
345,1417521857,602992237,62,80,79,1217,21538000,14
345,1417521857,602992237,52,80,79,1581,21938000,11
345,1417521857,602992237,9,80,81,1765,19824000,0
346,1417521857,620992005,12,80,79,1306,20090000,0
346,1417521857,620992005,4,80,79,1306,19877000,0
346,1417521857,620992005,8,80,79,1306,20132000,0
346,1417521857,620992005,7,80,81,1733,19966000,0
346,1417521857,620992005,5,80,81,1765,20084000,0
347,1417521857,620992005,11,80,81,1740,19966000,0
347,1417521857,621991993,1,80,81,1765,19994000,0
347,1417521857,621991993,3,80,81,1733,20364000,1
347,1417521857,621991993,6,80,79,2024,20160000,0
347,1417521857,621991993,57,80,79,465,19953000,0
348,1417521857,621991993,54,80,79,1209,19316000,0
348,1417521857,621991993,59,80,79,1748,20727000,10
348,1417521857,621991993,61,80,79,465,19824000,0
348,1417521857,621991993,10,80,79,2024,20076000,0
348,1417521857,621991993,60,80,79,1585,20542000,3
349,1417521857,621991993,51,80,79,1748,20191000,0
349,1417521857,622991980,58,80,80,1227,21005000,10
349,1417521857,622991980,55,80,77,1726,20352000,3
349,1417521857,622991980,2,80,78,1962,20278000,1
349,1417521857,622991980,56,80,79,1587,20413000,1
350,1417521857,622991980,50,80,78,1190,20279000,3
350,1417521857,622991980,53,80,79,465,20881000,1
350,1417521857,622991980,62,80,79,1217,20170000,0
350,1417521857,622991980,52,80,79,1581,20122000,0
350,1417521857,622991980,8,80,79,1306,19905000,0
351,1417521857,640991748,7,80,81,1733,20068000,0
351,1417521857,640991748,4,80,77,1285,20104000,0
351,1417521857,640991748,5,80,81,1765,19908000,0
351,1417521857,641991735,12,80,79,1306,20105000,0
351,1417521857,641991735,11,80,81,1740,20218000,0
352,1417521857,641991735,9,80,81,1765,20173000,0
352,1417521857,641991735,6,80,78,2009,20170000,0
352,1417521857,641991735,1,80,81,1765,20137000,0
352,1417521857,641991735,3,80,81,1740,20567000,2
352,1417521857,641991735,54,80,79,1209,20553000,1
353,1417521857,641991735,61,80,79,465,20683000,10
353,1417521857,641991735,57,80,79,465,19899000,0
353,1417521857,641991735,59,80,77,1726,19584000,0
353,1417521857,642991722,51,80,77,1726,20926000,1
353,1417521857,642991722,60,80,79,1585,20621000,1
354,1417521857,642991722,58,80,79,1217,19543000,0
354,1417521857,642991722,55,80,78,1726,20801000,5
354,1417521857,642991722,10,80,79,2024,20065000,0
354,1417521857,642991722,2,80,79,1962,20374000,1
354,1417521857,642991722,50,80,79,1190,20274000,5
355,1417521857,642991722,56,80,79,1587,21287000,14
355,1417521857,642991722,53,80,79,465,20134000,0
355,1417521857,642991722,52,80,79,1581,20241000,2
355,1417521857,642991722,62,80,79,1217,21754000,18
355,1417521857,643991709,5,80,81,1765,20230000,4
356,1417521857,660991490,4,80,78,1285,20177000,0
356,1417521857,661991478,11,80,81,1740,20126000,0
356,1417521857,661991478,9,80,81,1765,20059000,0
356,1417521857,661991478,7,80,81,1733,19920000,0
356,1417521857,661991478,6,80,79,2009,20013000,0
357,1417521857,661991478,1,80,81,1765,20207000,0
357,1417521857,661991478,12,80,77,1285,20109000,0
357,1417521857,661991478,3,80,81,1740,20332000,7
357,1417521857,661991478,8,80,79,1306,20008000,0
357,1417521857,661991478,59,80,78,1726,19622000,0
358,1417521857,662991465,61,80,79,465,19762000,0
358,1417521857,662991465,57,80,79,465,19870000,0
358,1417521857,662991465,51,80,78,1726,20816000,9
358,1417521857,662991465,55,80,79,1726,19499000,0
358,1417521857,662991465,60,80,79,1585,20673000,4
359,1417521857,662991465,10,80,79,2024,20131000,0
359,1417521857,662991465,58,80,79,1217,19696000,0
359,1417521857,662991465,2,80,77,1935,20341000,3
359,1417521857,662991465,50,80,79,1190,19896000,0
359,1417521857,662991465,56,80,79,1585,19902000,0
360,1417521857,662991465,54,80,79,1209,19711000,0
360,1417521857,663991452,53,80,79,465,19679000,0
360,1417521857,663991452,52,80,78,1567,20100000,0
360,1417521857,663991452,62,80,79,1209,20068000,0
360,1417521857,663991452,4,80,79,1285,20052000,0
361,1417521857,681991220,9,80,81,1765,20181000,0
361,1417521857,681991220,6,80,79,2009,20074000,0
361,1417521857,681991220,7,80,81,1740,19977000,0
361,1417521857,681991220,11,80,80,1739,20270000,0
361,1417521857,681991220,12,80,78,1285,20456000,1
362,1417521857,681991220,1,80,81,1765,20077000,0
362,1417521857,682991207,3,80,81,1740,20060000,0
362,1417521857,682991207,5,80,81,1765,20436000,0
362,1417521857,682991207,8,80,77,1285,20671000,0
362,1417521857,682991207,57,80,79,465,19887000,0
363,1417521857,682991207,59,80,79,1726,19293000,0
363,1417521857,682991207,10,80,78,2009,19756000,0
363,1417521857,682991207,51,80,79,1726,19865000,0
363,1417521857,682991207,55,80,79,1721,19636000,0
363,1417521857,682991207,2,80,78,1935,20062000,0
364,1417521857,682991207,60,80,79,1581,20253000,0
364,1417521857,682991207,58,80,79,1217,20842000,10
364,1417521857,682991207,56,80,79,1585,20549000,1
364,1417521857,682991207,61,80,79,465,21023000,9
364,1417521857,682991207,54,80,78,1190,20117000,0
365,1417521857,683991194,53,80,79,465,21107000,13
365,1417521857,683991194,50,80,79,1190,20916000,4
365,1417521857,683991194,52,80,79,1567,20868000,9
365,1417521857,683991194,62,80,79,1209,21619000,1
365,1417521857,683991194,6,80,79,2009,20197000,0
366,1417521857,701990963,4,80,79,1285,19868000,0
366,1417521857,701990963,7,80,81,1740,19997000,0
366,1417521857,701990963,9,80,81,1765,19667000,0
366,1417521857,701990963,12,80,79,1285,19894000,0
366,1417521857,701990963,11,80,80,1739,20139000,0
367,1417521857,702990950,1,80,81,1765,20049000,0
367,1417521857,702990950,3,80,80,1739,20164000,0
367,1417521857,702990950,5,80,81,1765,20061000,0
367,1417521857,702990950,8,80,78,1285,20022000,0
367,1417521857,702990950,10,80,79,2009,20282000,3
368,1417521857,702990950,2,80,79,1935,20300000,4
368,1417521857,702990950,59,80,79,1721,20719000,9
368,1417521857,702990950,57,80,79,465,20175000,0
368,1417521857,702990950,60,80,79,1581,19407000,0
368,1417521857,702990950,58,80,79,1209,19936000,0
369,1417521857,703990937,51,80,79,1721,19725000,0
369,1417521857,703990937,55,80,79,1721,19968000,0
369,1417521857,703990937,56,80,79,1585,21083000,10
369,1417521857,703990937,53,80,79,465,21213000,3
369,1417521857,703990937,61,80,79,465,21064000,1
370,1417521857,703990937,50,80,78,1172,21130000,2
370,1417521857,703990937,52,80,79,1567,21115000,7
370,1417521857,703990937,62,80,79,1209,21430000,11
370,1417521857,703990937,54,80,79,1190,20870000,1
370,1417521857,703990937,4,80,79,1289,19736000,0
371,1417521857,721990705,9,80,81,1765,19664000,0
371,1417521857,721990705,12,80,79,1285,20285000,1
371,1417521857,721990705,6,80,77,1985,19951000,0
371,1417521857,722990692,7,80,81,1740,20195000,0
371,1417521857,722990692,3,80,80,1739,20320000,7
372,1417521857,722990692,1,80,81,1765,20182000,0
372,1417521857,722990692,5,80,81,1765,20141000,0
372,1417521857,722990692,11,80,80,1739,20035000,0
372,1417521857,722990692,8,80,79,1285,20366000,6
372,1417521857,722990692,10,80,79,2009,20215000,1
373,1417521857,722990692,2,80,79,1935,20218000,2
373,1417521857,722990692,60,80,79,1581,19680000,0
373,1417521857,722990692,57,80,79,465,20663000,3
373,1417521857,723990679,58,80,79,1209,20131000,0
373,1417521857,723990679,51,80,79,1721,19787000,0
374,1417521857,723990679,59,80,79,1721,20047000,0
374,1417521857,723990679,55,80,79,1721,20309000,0
374,1417521857,723990679,56,80,79,1581,19793000,0
374,1417521857,723990679,53,80,79,465,19910000,0
374,1417521857,723990679,50,80,79,1172,19694000,0
375,1417521857,723990679,61,80,79,465,21111000,4
375,1417521857,723990679,52,80,79,1567,19886000,0
375,1417521857,723990679,62,80,78,1190,19929000,0
375,1417521857,724990666,54,80,79,1190,20669000,1
375,1417521857,724990666,4,80,79,1289,19850000,0
376,1417521857,742990435,9,80,81,1765,20014000,0
376,1417521857,742990435,7,80,80,1739,19801000,0
376,1417521857,742990435,6,80,78,1985,20204000,0
376,1417521857,742990435,12,80,79,1289,19971000,0
376,1417521857,742990435,3,80,80,1739,20162000,0
377,1417521857,742990435,1,80,81,1765,19891000,0
377,1417521857,742990435,8,80,79,1285,20182000,0
377,1417521857,742990435,5,80,81,1765,20155000,0
377,1417521857,742990435,11,80,81,1755,20481000,9
377,1417521857,742990435,10,80,79,2009,20117000,0
378,1417521857,743990422,2,80,78,1919,20126000,0
378,1417521857,743990422,58,80,79,1209,20071000,0
378,1417521857,743990422,57,80,79,465,19004000,0
378,1417521857,743990422,60,80,78,1567,19223000,0
378,1417521857,743990422,51,80,79,1721,19294000,0
379,1417521857,743990422,59,80,79,1721,20062000,0
379,1417521857,743990422,55,80,79,1721,19806000,0
379,1417521857,743990422,56,80,79,1581,20254000,1
379,1417521857,743990422,61,80,79,465,19664000,0
379,1417521857,743990422,50,80,79,1172,20490000,19
380,1417521857,744990409,62,80,79,1190,19879000,0
380,1417521857,744990409,52,80,79,1564,19490000,0
380,1417521857,744990409,53,80,79,465,20993000,9
380,1417521857,744990409,54,80,79,1190,20447000,11
380,1417521857,744990409,4,80,79,1289,19832000,0
381,1417521857,762990177,1,80,81,1765,19974000,0
381,1417521857,762990177,3,80,81,1755,20195000,0
381,1417521857,762990177,9,80,81,1765,20230000,0
381,1417521857,762990177,10,80,77,1985,20083000,0
381,1417521857,762990177,7,80,80,1739,20063000,0
382,1417521857,762990177,8,80,79,1289,20043000,0
382,1417521857,762990177,12,80,79,1289,20022000,0
382,1417521857,762990177,60,80,79,1567,20114000,0
382,1417521857,762990177,57,80,79,465,19709000,0
382,1417521857,763990164,2,80,79,1919,20536000,7
383,1417521857,763990164,56,80,79,1581,20055000,0
383,1417521857,763990164,58,80,78,1190,20895000,9
383,1417521857,763990164,61,80,79,465,20885000,10
383,1417521857,763990164,50,80,81,1201,19768000,0
383,1417521857,763990164,62,80,79,1190,20072000,0
384,1417521857,763990164,52,80,79,1564,19916000,0
384,1417521857,763990164,11,80,81,1755,20285000,0
384,1417521857,763990164,53,80,79,465,20086000,0
384,1417521857,763990164,59,80,79,1721,20951000,2
384,1417521857,763990164,6,80,79,1985,19945000,0
385,1417521857,763990164,5,80,81,1765,20316000,9
385,1417521857,764990151,51,80,79,1721,19962000,0
385,1417521857,764990151,55,80,79,1717,20940000,1
385,1417521857,764990151,54,80,78,1172,20845000,6
385,1417521857,764990151,1,80,81,1765,20048000,0
386,1417521857,782989920,4,80,79,1288,19805000,0
386,1417521857,782989920,3,80,81,1755,20055000,0
386,1417521857,782989920,9,80,81,1765,20278000,0
386,1417521857,782989920,10,80,78,1985,20291000,6
386,1417521857,782989920,7,80,80,1739,20327000,0
387,1417521857,783989907,8,80,79,1289,20737000,7
387,1417521857,783989907,12,80,79,1289,20391000,0
387,1417521857,783989907,60,80,79,1567,20181000,0
387,1417521857,783989907,57,80,79,465,19719000,0
387,1417521857,783989907,2,80,79,1919,20506000,1
388,1417521857,783989907,56,80,78,1567,20781000,4
388,1417521857,783989907,58,80,79,1190,20106000,0
388,1417521857,783989907,61,80,79,465,20159000,0
388,1417521857,783989907,11,80,81,1755,20937000,0
388,1417521857,783989907,59,80,79,1717,20236000,2
389,1417521857,784989894,53,80,79,465,21141000,6
389,1417521857,784989894,6,80,77,1962,21386000,0
389,1417521857,784989894,50,80,81,1201,20500000,2
389,1417521857,784989894,5,80,81,1765,21325000,0
389,1417521857,784989894,51,80,79,1717,21092000,2
390,1417521857,784989894,52,80,79,1564,20372000,0
390,1417521857,784989894,55,80,79,1717,21254000,2
390,1417521857,784989894,54,80,79,1172,1217000,0
390,1417521857,784989894,62,80,79,1190,21332000,8
390,1417521857,784989894,4,80,79,1288,20167000,0
391,1417521857,802989662,1,80,81,1765,20102000,0
391,1417521857,802989662,3,80,81,1755,20308000,2
391,1417521857,803989649,9,80,81,1765,19845000,0
391,1417521857,803989649,10,80,79,1985,20442000,4
391,1417521857,803989649,7,80,81,1755,20678000,4
392,1417521857,803989649,8,80,79,1289,19915000,0
392,1417521857,803989649,12,80,79,1288,19958000,0
392,1417521857,803989649,57,80,79,465,20037000,0
392,1417521857,803989649,60,80,79,1567,20765000,4
392,1417521857,803989649,58,80,79,1190,20890000,5
393,1417521857,803989649,56,80,79,1567,20508000,2
393,1417521857,803989649,61,80,77,440,19635000,0
393,1417521857,803989649,11,80,81,1755,20186000,0
393,1417521857,803989649,2,80,79,1914,20431000,0
393,1417521857,804989637,6,80,78,1962,19912000,0
394,1417521857,804989637,50,80,81,1201,20647000,15
394,1417521857,804989637,53,80,79,465,20017000,0
394,1417521857,804989637,5,80,81,1765,19593000,0
394,1417521857,804989637,59,80,79,1717,19753000,0
394,1417521857,804989637,52,80,79,1564,20943000,4
395,1417521857,804989637,55,80,79,1717,20885000,3
395,1417521857,804989637,54,80,79,1172,20554000,9
395,1417521857,804989637,51,80,79,1717,20576000,2
395,1417521857,804989637,62,80,78,1172,20029000,0
395,1417521857,804989637,9,80,81,1765,20275000,3
396,1417521857,823989392,1,80,81,1765,19822000,0
396,1417521857,823989392,3,80,81,1755,19776000,0
396,1417521857,823989392,10,80,77,1962,20001000,0
396,1417521857,823989392,4,80,79,1288,20395000,0
396,1417521857,823989392,8,80,79,1288,20447000,6
397,1417521857,823989392,7,80,81,1755,20057000,0
397,1417521857,823989392,12,80,79,1288,20220000,1
397,1417521857,823989392,61,80,78,440,20681000,2
397,1417521857,823989392,56,80,79,1567,20823000,5
397,1417521857,823989392,57,80,77,440,19654000,0
398,1417521857,823989392,6,80,79,1962,20200000,2
398,1417521857,824989379,11,80,81,1761,20460000,6
398,1417521857,824989379,2,80,79,1914,20225000,0
398,1417521857,824989379,50,80,82,1224,19615000,0
398,1417521857,824989379,5,80,81,1765,20699000,6
399,1417521857,824989379,60,80,79,1564,20395000,0
399,1417521857,824989379,53,80,77,440,20849000,14
399,1417521857,824989379,59,80,79,1717,20401000,11
399,1417521857,824989379,52,80,79,1564,21058000,2
399,1417521857,824989379,55,80,79,1709,20435000,1
400,1417521857,824989379,58,80,79,1190,20785000,0
400,1417521857,824989379,54,80,81,1201,20376000,14
400,1417521857,824989379,62,80,79,1172,20484000,4
400,1417521857,824989379,51,80,79,1717,21001000,2
400,1417521857,824989379,1,80,81,1765,20330000,1
401,1417521857,843989134,4,80,79,1282,20137000,0
401,1417521857,843989134,10,80,78,1962,19971000,0
401,1417521857,843989134,3,80,81,1761,20141000,0
401,1417521857,843989134,9,80,81,1765,20240000,0
401,1417521857,843989134,8,80,79,1288,20356000,1
402,1417521857,843989134,7,80,81,1755,20182000,1
402,1417521857,843989134,12,80,79,1288,19622000,0
402,1417521857,843989134,56,80,79,1567,20014000,0
402,1417521857,844989122,61,80,79,440,20223000,0
402,1417521857,844989122,11,80,81,1761,20154000,0
403,1417521857,844989122,50,80,81,1224,20406000,7
403,1417521857,844989122,6,80,77,1935,19861000,0
403,1417521857,844989122,2,80,79,1914,20185000,0
403,1417521857,844989122,5,80,81,1765,20100000,0
403,1417521857,844989122,59,80,79,1709,19940000,0
404,1417521857,844989122,60,80,79,1564,21059000,5
404,1417521857,844989122,53,80,78,440,20213000,0
404,1417521857,844989122,52,80,79,1564,21053000,2
404,1417521857,844989122,55,80,79,1709,20238000,3
404,1417521857,844989122,54,80,81,1201,19940000,0
405,1417521857,844989122,57,80,78,440,21434000,3
405,1417521857,844989122,62,80,79,1172,20810000,7
405,1417521857,845989109,51,80,79,1709,20984000,8
405,1417521857,845989109,58,80,78,1172,20602000,0
405,1417521857,845989109,3,80,81,1761,20172000,0
