Simulation time,DDS time seconds,DDS time nanoseconds,Turbine Id,Setpoint,Current production,Max production,MS since last write,Cache count
0,1417521657,729990602,56,133,132,1644,20408000,0
0,1417521657,781989933,50,133,131,1424,20335000,0
0,1417521657,782989920,55,133,127,2082,21014000,3
1,1417521657,782989920,57,133,132,954,18738000,0
1,1417521657,782989920,52,133,132,1638,18684000,0
1,1417521657,782989920,53,133,132,954,20459000,3
1,1417521657,782989920,51,133,127,2082,19511000,0
1,1417521657,782989920,54,133,131,1424,19690000,0
2,1417521657,782989920,56,133,132,1644,19936000,0
2,1417521657,796989740,50,133,132,1424,19957000,0
2,1417521657,796989740,52,133,132,1638,20092000,0
2,1417521657,796989740,57,133,132,954,20095000,0
2,1417521657,796989740,53,133,132,954,20248000,3
3,1417521657,796989740,55,133,128,2082,20222000,0
3,1417521657,796989740,51,133,128,2082,20162000,0
3,1417521657,796989740,54,133,132,1424,20729000,1
3,1417521657,797989727,50,133,132,1424,20140000,0
3,1417521657,816989482,56,133,132,1644,20220000,0
4,1417521657,816989482,52,133,132,1644,20115000,0
4,1417521657,816989482,57,133,132,954,20461000,3
4,1417521657,816989482,55,133,128,2072,20465000,3
4,1417521657,817989469,53,133,132,954,20414000,1
4,1417521657,817989469,51,133,128,2072,20123000,0
5,1417521657,817989469,54,133,132,1424,20184000,0
5,1417521657,817989469,56,133,132,1652,20207000,0
5,1417521657,836989225,52,133,132,1644,20289000,2
5,1417521657,836989225,57,133,132,954,19948000,0
5,1417521657,836989225,50,133,131,1408,20404000,2
6,1417521657,837989212,51,133,129,2072,20356000,4
6,1417521657,837989212,53,133,132,954,20230000,0
6,1417521657,837989212,55,133,129,2072,20128000,0
6,1417521657,837989212,54,133,131,1408,20421000,2
6,1417521657,837989212,50,133,132,1408,20103000,0
7,1417521657,857988954,57,133,132,954,20149000,0
7,1417521657,857988954,56,133,132,1652,20044000,0
7,1417521657,857988954,52,133,132,1644,20016000,0
7,1417521657,857988954,51,133,130,2072,20107000,0
7,1417521657,857988954,53,133,132,954,20292000,1
8,1417521657,857988954,55,133,130,2072,20123000,0
8,1417521657,857988954,54,133,132,1408,20479000,5
8,1417521657,858988941,57,133,132,954,20199000,0
8,1417521657,877988697,52,133,132,1652,20220000,0
8,1417521657,877988697,56,133,132,1652,20274000,0
9,1417521657,877988697,51,133,131,2078,20304000,0
9,1417521657,877988697,50,133,132,1408,20626000,0
9,1417521657,878988684,53,133,132,954,20482000,0
9,1417521657,879988671,55,133,131,2078,20333000,0
9,1417521657,879988671,54,133,132,1408,20549000,0
10,1417521657,879988671,52,133,132,1652,19985000,0
10,1417521657,899988413,56,133,132,1650,20118000,0
10,1417521657,899988413,57,133,132,954,20206000,0
10,1417521657,899988413,53,133,132,954,20649000,6
10,1417521657,899988413,51,133,132,2078,20468000,0
11,1417521657,900988401,50,133,132,1415,20511001,0
11,1417521657,900988401,55,133,132,2078,20507001,0
11,1417521657,900988401,54,133,132,1415,20988000,4
11,1417521657,900988401,56,133,132,1650,19591001,0
11,1417521657,919988156,57,133,132,954,19887000,0
12,1417521657,920988143,51,133,132,2078,20234001,0
12,1417521657,920988143,53,133,132,954,20248000,0
12,1417521657,920988143,52,133,132,1652,20474000,0
12,1417521657,920988143,55,133,132,2078,20264001,0
12,1417521657,920988143,54,133,132,1415,20629001,0
13,1417521657,920988143,50,133,132,1415,21317000,2
13,1417521657,920988143,57,133,132,954,20779000,0
13,1417521657,941987873,51,133,132,2078,20132000,0
13,1417521657,941987873,56,133,132,1650,20152000,0
13,1417521657,941987873,54,133,132,1415,21551001,2
14,1417521657,942987860,55,133,132,2078,20371000,0
14,1417521657,942987860,52,133,132,1650,21448000,2
14,1417521657,942987860,50,133,132,1415,22210001,2
14,1417521657,942987860,53,133,132,954,22175000,1
14,1417521657,942987860,51,133,131,2058,20420000,0
15,1417521657,962987602,56,133,132,1650,19612001,0
15,1417521657,962987602,57,133,127,903,19704001,0
15,1417521657,962987602,54,133,132,1420,20248001,0
15,1417521657,962987602,55,133,131,2058,19901000,0
15,1417521657,962987602,52,133,132,1650,20639001,0
16,1417521657,962987602,50,133,132,1420,20215001,0
16,1417521657,962987602,53,133,127,903,21490001,1
16,1417521657,962987602,56,133,132,1647,20061001,0
16,1417521657,982987345,51,133,132,2058,20012001,0
16,1417521657,982987345,57,133,128,903,20343001,0
17,1417521657,982987345,54,133,132,1420,20038001,0
17,1417521657,982987345,52,133,132,1650,20404001,2
17,1417521657,982987345,55,133,132,2058,20401001,3
17,1417521657,983987332,50,133,132,1420,20266001,0
17,1417521657,983987332,53,133,128,903,20153001,0
18,1417521657,983987332,51,133,132,2058,20358001,0
18,1417521658,3999949,57,133,129,903,20651001,3
18,1417521658,3999949,52,133,132,1650,20483001,3
18,1417521658,3999949,54,133,132,1420,20613001,3
18,1417521658,3999949,53,133,129,903,20359001,7
19,1417521658,3999949,55,133,132,2058,20429001,0
19,1417521658,3999949,50,133,132,1420,20563001,1
19,1417521658,3999949,56,133,132,1647,20330001,0
19,1417521658,3999949,52,133,132,1647,20150001,0
19,1417521658,23999692,57,133,130,903,20038001,0
20,1417521658,23999692,53,133,130,903,20181001,0
20,1417521658,23999692,51,133,129,2023,20483001,0
20,1417521658,24999679,55,133,129,2023,20392001,0
20,1417521658,24999679,56,133,132,1647,20847001,0
20,1417521658,24999679,54,133,132,1420,20405001,0
21,1417521658,24999679,50,133,132,1420,20634001,1
21,1417521658,24999679,53,133,131,903,20772001,1
21,1417521658,44999421,57,133,131,903,20836001,1
21,1417521658,44999421,51,133,130,2023,20437001,0
21,1417521658,44999421,55,133,130,2023,20632001,0
22,1417521658,44999421,54,133,132,1419,20682001,0
22,1417521658,44999421,52,133,132,1647,20865001,0
22,1417521658,44999421,56,133,132,1638,21012001,0
22,1417521658,44999421,50,133,132,1419,21411001,1
22,1417521658,44999421,57,133,132,903,19662001,0
23,1417521658,64999164,51,133,131,2023,20578001,2
23,1417521658,64999164,53,133,132,903,19873001,0
23,1417521658,64999164,52,133,132,1647,20404001,0
23,1417521658,64999164,54,133,132,1419,20007001,0
23,1417521658,65999151,55,133,131,2023,20066001,0
24,1417521658,65999151,50,133,132,1419,20028001,0
24,1417521658,65999151,56,133,132,1638,20065001,0
24,1417521658,65999151,53,133,132,903,20416001,0
24,1417521658,85998893,51,133,125,1954,20433001,0
24,1417521658,85998893,57,133,132,903,20126001,0
25,1417521658,85998893,50,133,132,1419,21025001,7
25,1417521658,85998893,55,133,125,1954,20321001,0
25,1417521658,85998893,54,133,132,1419,20165001,0
25,1417521658,85998893,52,133,132,1638,20507001,0
25,1417521658,86998880,56,133,132,1638,20356001,0
26,1417521658,86998880,53,133,132,903,20096001,0
26,1417521658,105998636,57,133,132,903,20685001,1
26,1417521658,105998636,51,133,126,1954,20033001,0
26,1417521658,105998636,55,133,126,1954,20493001,0
26,1417521658,105998636,54,133,131,1406,20307001,0
27,1417521658,106998623,50,133,131,1406,20605001,0
27,1417521658,106998623,56,133,132,1633,20807001,0
27,1417521658,106998623,52,133,132,1638,5082001,0
27,1417521658,106998623,53,133,132,903,19690001,0
27,1417521658,125998378,51,133,127,1954,19620001,0
28,1417521658,126998365,55,133,127,1954,20295001,0
28,1417521658,126998365,54,133,132,1406,19804001,0
28,1417521658,126998365,57,133,132,903,20912001,1
28,1417521658,126998365,50,133,132,1406,20026001,0
28,1417521658,126998365,56,133,132,1633,19922001,0
29,1417521658,126998365,52,133,132,1638,20378001,1
29,1417521658,126998365,51,133,128,1954,20108001,0
29,1417521658,146998108,53,133,132,903,20015001,0
29,1417521658,146998108,54,133,132,1406,20237001,0
29,1417521658,146998108,52,133,132,1633,20142001,0
30,1417521658,146998108,50,133,132,1406,20503001,5
30,1417521658,146998108,56,133,132,1633,20593001,3
30,1417521658,146998108,55,133,128,1954,20533001,0
30,1417521658,146998108,57,133,132,903,20624001,0
30,1417521658,146998108,53,133,132,903,20100001,0
31,1417521658,166997850,51,133,123,1902,20088001,0
31,1417521658,167997838,54,133,128,1365,20265001,0
31,1417521658,167997838,52,133,132,1633,20578001,6
31,1417521658,167997838,50,133,128,1365,20146001,0
31,1417521658,167997838,55,133,123,1902,20903001,2
32,1417521658,167997838,57,133,132,903,20571001,4
32,1417521658,167997838,56,133,132,1633,20537001,0
32,1417521658,167997838,54,133,129,1365,20068001,0
32,1417521658,187997580,53,133,132,903,19953001,0
32,1417521658,187997580,50,133,129,1365,20791001,3
33,1417521658,187997580,55,133,124,1902,20216001,0
33,1417521658,187997580,57,133,132,903,20181001,0
33,1417521658,187997580,52,133,132,1633,20572001,1
33,1417521658,187997580,51,133,124,1902,20280001,0
33,1417521658,187997580,56,133,132,1632,20789001,2
34,1417521658,187997580,53,133,132,903,20331001,0
34,1417521658,207997323,54,133,130,1365,19981001,0
34,1417521658,207997323,51,133,125,1902,20656001,0
34,1417521658,207997323,55,133,125,1902,20706001,1
34,1417521658,207997323,57,133,132,903,20212001,0
35,1417521658,208997310,52,133,132,1633,20309001,0
35,1417521658,208997310,50,133,130,1365,20510001,0
35,1417521658,208997310,56,133,132,1632,20274001,0
35,1417521658,208997310,53,133,125,831,20136001,0
35,1417521658,228997052,54,133,131,1365,19902001,0
36,1417521658,228997052,55,133,122,1867,20127001,0
36,1417521658,228997052,51,133,122,1867,20415001,0
36,1417521658,228997052,57,133,125,831,20788001,1
36,1417521658,228997052,52,133,132,1632,20297001,0
36,1417521658,228997052,56,133,132,1632,20361001,0
37,1417521658,228997052,50,133,131,1365,21017001,1
37,1417521658,228997052,53,133,126,831,20167001,0
37,1417521658,248996795,55,133,123,1867,20084001,0
37,1417521658,248996795,54,133,128,1332,19952001,0
37,1417521658,248996795,51,133,123,1867,20346001,0
38,1417521658,248996795,52,133,132,1632,20325001,0
38,1417521658,249996782,57,133,126,831,20231001,0
38,1417521658,249996782,50,133,128,1332,20972001,1
38,1417521658,249996782,56,133,132,1637,20424001,0
38,1417521658,249996782,54,133,129,1332,19895001,0
39,1417521658,268996537,53,133,127,831,20193001,0
39,1417521658,268996537,55,133,124,1867,19995001,0
39,1417521658,269996524,50,133,129,1332,20282001,0
39,1417521658,269996524,52,133,132,1632,20245001,0
39,1417521658,269996524,56,133,132,1637,20314001,0
40,1417521658,269996524,51,133,124,1867,20484001,0
40,1417521658,269996524,57,133,127,831,21097001,1
40,1417521658,269996524,54,133,130,1332,20133001,0
40,1417521658,289996267,53,133,128,831,20308001,0
40,1417521658,289996267,55,133,124,1857,20041001,0
41,1417521658,289996267,52,133,132,1637,20233001,0
41,1417521658,289996267,56,133,132,1637,20283001,0
41,1417521658,289996267,50,133,130,1332,20471001,0
41,1417521658,289996267,51,133,124,1857,20388001,1
41,1417521658,289996267,57,133,128,831,21042001,1
42,1417521658,289996267,53,133,129,831,20341001,0
42,1417521658,309996009,55,133,125,1857,20017001,0
42,1417521658,309996009,54,133,130,1324,19983001,0
42,1417521658,309996009,52,133,132,1637,20198001,0
42,1417521658,309996009,56,133,132,1638,20217001,0
43,1417521658,310995997,57,133,129,831,20946001,1
43,1417521658,310995997,50,133,130,1324,20418001,0
43,1417521658,310995997,51,133,125,1857,20676001,0
43,1417521658,310995997,55,133,126,1857,19969001,0
43,1417521658,329995752,56,133,132,1638,20134001,0
44,1417521658,329995752,53,133,130,831,20552001,0
44,1417521658,330995739,54,133,131,1324,20340001,0
44,1417521658,330995739,50,133,131,1324,20102001,0
44,1417521658,330995739,52,133,132,1637,20918002,1
44,1417521658,330995739,51,133,126,1857,20223001,0
45,1417521658,330995739,57,133,130,831,20429001,0
45,1417521658,330995739,55,133,127,1857,20109002,0
45,1417521658,350995482,53,133,131,831,20192001,0
45,1417521658,350995482,50,133,132,1324,20521002,5
45,1417521658,350995482,51,133,127,1857,20487002,6
46,1417521658,350995482,57,133,131,831,20674002,3
46,1417521658,350995482,52,133,132,1638,20779001,1
46,1417521658,351995469,54,133,132,1324,20567001,0
46,1417521658,351995469,56,133,132,1638,20175002,0
46,1417521658,351995469,55,133,127,1851,20123002,0
47,1417521658,370995224,53,133,132,831,20337002,0
47,1417521658,371995211,51,133,127,1851,20524002,1
47,1417521658,371995211,57,133,132,831,20256002,0
47,1417521658,371995211,50,133,132,1318,20342002,0
47,1417521658,371995211,52,133,132,1638,20834002,1
48,1417521658,371995211,56,133,132,1638,20976002,0
48,1417521658,371995211,54,133,132,1318,20495001,0
48,1417521658,371995211,53,133,132,831,20210002,0
48,1417521658,391994954,55,133,128,1851,20051002,0
48,1417521658,391994954,51,133,128,1851,20287002,0
49,1417521658,391994954,54,133,132,1318,20852002,1
49,1417521658,391994954,50,133,132,1318,20454002,0
49,1417521658,391994954,52,133,132,1638,20452002,0
49,1417521658,391994954,57,133,132,831,20347002,0
49,1417521658,391994954,56,133,132,1639,20340002,0
50,1417521658,391994954,55,133,129,1851,20117002,0
50,1417521658,411994696,53,133,132,831,20173002,0
50,1417521658,411994696,54,133,132,1318,20543002,1
50,1417521658,411994696,52,133,132,1638,20690002,2
50,1417521658,411994696,51,133,129,1851,20487002,0
51,1417521658,412994683,57,133,132,831,20211002,0
51,1417521658,412994683,56,133,132,1639,20524002,2
51,1417521658,412994683,50,133,132,1318,20459002,0
51,1417521658,412994683,55,133,128,1832,20046002,0
51,1417521658,432994426,53,133,132,831,20326002,0
52,1417521658,432994426,51,133,128,1832,20594002,3
52,1417521658,432994426,57,133,132,831,20865002,2
52,1417521658,432994426,56,133,132,1639,20285002,0
52,1417521658,432994426,50,133,132,1318,20929002,1
52,1417521658,432994426,52,133,132,1639,20660002,1
53,1417521658,432994426,54,133,132,1318,20472002,0
53,1417521658,432994426,53,133,132,831,20117002,0
53,1417521658,452994168,56,133,132,1631,20683002,2
53,1417521658,452994168,57,133,132,831,20194002,0
53,1417521658,452994168,52,133,132,1639,20466002,0
54,1417521658,452994168,51,133,129,1832,20645002,0
54,1417521658,452994168,55,133,129,1832,20770002,0
54,1417521658,453994155,50,133,133,1328,20848002,0
54,1417521658,453994155,54,133,133,1328,21002002,0
54,1417521658,453994155,53,133,132,831,19788002,0
55,1417521658,473993898,56,133,132,1631,19972002,0
55,1417521658,473993898,57,133,132,831,20946002,1
55,1417521658,473993898,51,133,130,1832,20651002,2
55,1417521658,473993898,52,133,132,1639,20296002,0
55,1417521658,473993898,50,133,133,1328,20550002,0
56,1417521658,473993898,54,133,133,1328,21002002,6
56,1417521658,473993898,55,133,130,1832,21009002,2
56,1417521658,474993885,53,133,132,831,19938002,0
56,1417521658,493993640,56,133,132,1631,19902002,0
56,1417521658,493993640,57,133,132,831,20377002,0
57,1417521658,493993640,51,133,127,1800,19852002,0
57,1417521658,493993640,52,133,132,1631,21071002,2
57,1417521658,494993628,54,133,133,1328,19952002,0
57,1417521658,494993628,55,133,127,1800,20696002,2
57,1417521658,494993628,50,133,133,1328,20196002,0
58,1417521658,494993628,56,133,132,1622,19930002,0
58,1417521658,513993383,53,133,123,732,19825002,0
58,1417521658,513993383,51,133,128,1800,20604002,2
58,1417521658,514993370,52,133,132,1631,20085002,0
58,1417521658,514993370,55,133,128,1800,20355002,1
59,1417521658,514993370,54,133,132,1324,20184002,0
59,1417521658,514993370,50,133,132,1324,20107002,0
59,1417521658,514993370,57,133,123,732,20562002,0
59,1417521658,514993370,56,133,132,1622,20077002,0
59,1417521658,534993113,50,133,132,1324,20774002,1
60,1417521658,534993113,54,133,132,1324,20645002,4
60,1417521658,534993113,52,133,132,1631,20249002,0
60,1417521658,534993113,55,133,129,1800,20192002,0
60,1417521658,534993113,53,133,124,732,19972002,0
60,1417521658,535993100,51,133,129,1800,20373002,0
61,1417521658,535993100,57,133,124,732,20285002,0
61,1417521658,535993100,56,133,132,1622,20087002,0
61,1417521658,554992855,54,133,132,1324,20240002,0
61,1417521658,554992855,55,133,130,1800,20211002,0
61,1417521658,554992855,50,133,132,1324,20940002,1
62,1417521658,555992842,53,133,125,732,20910002,0
62,1417521658,555992842,51,133,130,1800,20395002,2
62,1417521658,555992842,57,133,125,732,20954002,1
62,1417521658,555992842,52,133,132,1622,20500002,0
62,1417521658,555992842,54,133,130,1301,20771000,1
63,1417521658,575992585,55,133,128,1773,20105000,0
63,1417521658,575992585,50,133,130,1301,20161000,0
63,1417521658,575992585,53,133,126,732,20831000,1
63,1417521658,575992585,56,133,132,1622,20451000,0
63,1417521658,575992585,51,133,128,1773,20549000,0
64,1417521658,575992585,52,133,132,1622,20506000,2
64,1417521658,575992585,57,133,126,732,20386000,0
64,1417521658,576992572,50,133,131,1301,20738000,1
64,1417521658,595992327,54,133,131,1301,20159000,0
64,1417521658,595992327,53,133,127,732,20191000,0
65,1417521658,595992327,56,133,132,1613,20785000,2
65,1417521658,596992314,51,133,129,1773,20541000,1
65,1417521658,596992314,55,133,129,1773,20992000,1
65,1417521658,596992314,52,133,132,1622,20906000,2
65,1417521658,596992314,57,133,127,732,20510000,0
66,1417521658,596992314,54,133,132,1301,19982000,0
66,1417521658,615992070,53,133,128,732,20071000,0
66,1417521658,616992057,56,133,132,1613,20068000,0
66,1417521658,616992057,51,133,130,1773,20227000,0
66,1417521658,616992057,55,133,130,1773,20164000,0
67,1417521658,616992057,52,133,132,1622,20350000,0
67,1417521658,616992057,50,133,132,1301,20241000,0
67,1417521658,616992057,57,133,128,732,20259000,0
67,1417521658,616992057,53,133,121,656,19987000,0
67,1417521658,636991799,56,133,132,1613,20074000,0
68,1417521658,636991799,54,133,132,1301,20183000,0
68,1417521658,636991799,50,133,132,1301,20279000,0
68,1417521658,636991799,55,133,129,1757,20198000,0
68,1417521658,636991799,52,133,132,1613,20286000,0
68,1417521658,636991799,57,133,121,656,20287000,0
69,1417521658,637991787,51,133,129,1757,20493000,0
69,1417521658,637991787,54,133,130,1275,20114000,0
69,1417521658,656991542,56,133,132,1604,20117000,0
69,1417521658,656991542,53,133,122,656,20007000,0
69,1417521658,657991529,55,133,130,1757,20211000,0
70,1417521658,657991529,52,133,132,1613,20261000,0
70,1417521658,657991529,51,133,130,1757,20322000,1
70,1417521658,657991529,57,133,122,656,20125000,0
70,1417521658,657991529,50,133,130,1275,20391000,0
70,1417521658,657991529,53,133,123,656,20137000,0
71,1417521658,677991272,54,133,131,1275,20122000,0
71,1417521658,677991272,55,133,131,1757,20144000,0
71,1417521658,677991272,51,133,131,1757,20396000,0
71,1417521658,677991272,56,133,132,1604,20398000,0
71,1417521658,677991272,50,133,131,1275,20433000,0
72,1417521658,677991272,57,133,123,656,20905000,1
72,1417521658,677991272,52,133,132,1613,20449000,0
72,1417521658,677991272,54,133,132,1275,20159000,0
72,1417521658,697991014,55,133,131,1753,20178000,0
72,1417521658,697991014,53,133,124,656,20034000,0
73,1417521658,697991014,50,133,132,1275,20201000,0
73,1417521658,697991014,52,133,132,1604,20729000,1
73,1417521658,697991014,56,133,132,1604,20381000,0
73,1417521658,698991001,57,133,124,656,20847000,1
73,1417521658,698991001,51,133,131,1753,20417000,0
74,1417521658,698991001,54,133,131,1257,20002000,0
74,1417521658,718990744,55,133,132,1753,20308000,0
74,1417521658,718990744,53,133,125,656,20071000,0
74,1417521658,718990744,57,133,125,656,20277000,0
74,1417521658,718990744,51,133,132,1753,20388000,4
75,1417521658,718990744,52,133,132,1604,20186000,0
75,1417521658,718990744,56,133,132,1602,20189000,0
75,1417521658,718990744,50,133,131,1257,20295000,0
75,1417521658,718990744,55,133,132,1753,19914000,0
75,1417521658,738990486,53,133,126,656,20081000,0
76,1417521658,738990486,51,133,132,1753,20213000,0
76,1417521658,738990486,57,133,126,656,20204000,0
76,1417521658,738990486,52,133,132,1604,20110000,0
76,1417521658,738990486,56,133,132,1602,20142000,0
76,1417521658,738990486,50,133,132,1257,20922000,1
77,1417521658,739990473,54,133,132,1257,20618000,0
77,1417521658,739990473,53,133,127,656,20137000,0
77,1417521658,758990229,55,133,132,1753,20003000,0
77,1417521658,759990216,51,133,132,1753,20212000,0
77,1417521658,759990216,52,133,132,1602,20228000,0
78,1417521658,759990216,54,133,132,1257,20870000,1
78,1417521658,759990216,56,133,132,1602,20378000,0
78,1417521658,759990216,50,133,132,1257,20423000,1
78,1417521658,759990216,57,133,127,656,20454000,0
78,1417521658,759990216,55,133,132,1744,20015000,0
79,1417521658,779989958,51,133,132,1744,20029000,0
79,1417521658,779989958,52,133,132,1602,20157000,0
79,1417521658,779989958,56,133,132,1602,20360000,0
79,1417521658,779989958,53,133,118,564,20383000,0
79,1417521658,779989958,54,133,132,1249,20171000,0
80,1417521658,779989958,50,133,132,1249,20829000,1
80,1417521658,779989958,57,133,118,564,20369000,0
80,1417521658,779989958,51,133,132,1744,20057000,0
80,1417521658,799989701,52,133,132,1602,20179000,0
80,1417521658,799989701,55,133,132,1744,20195000,0
81,1417521658,799989701,53,133,119,564,20761000,1
81,1417521658,799989701,50,133,132,1249,20365000,0
81,1417521658,800989688,57,133,119,564,20970000,1
81,1417521658,800989688,54,133,132,1249,20531000,0
81,1417521658,800989688,56,133,132,1606,20524000,0
82,1417521658,800989688,55,133,132,1744,20061000,0
82,1417521658,820989431,51,133,132,1744,20091000,0
82,1417521658,820989431,52,133,132,1602,20306000,0
82,1417521658,820989431,53,133,120,564,20175000,0
82,1417521658,820989431,50,133,132,1249,20302000,0
83,1417521658,820989431,56,133,132,1606,20472000,6
83,1417521658,820989431,57,133,120,564,9981000,0
83,1417521658,820989431,54,133,132,1249,20562000,1
83,1417521658,820989431,51,133,132,1753,20156000,0
83,1417521658,840989173,55,133,132,1753,19985000,0
84,1417521658,840989173,52,133,132,1606,20368000,0
84,1417521658,840989173,50,133,132,1249,20335000,0
84,1417521658,840989173,57,133,121,564,20415000,8
84,1417521658,840989173,54,133,132,1249,20211000,0
84,1417521658,840989173,53,133,121,564,20801000,4
85,1417521658,840989173,56,133,132,1606,20340000,0
85,1417521658,841989160,52,133,132,1606,20325000,0
85,1417521658,860988916,55,133,132,1753,20139000,0
85,1417521658,860988916,50,133,132,1258,20783000,1
85,1417521658,860988916,57,133,122,564,20319000,0
86,1417521658,860988916,54,133,132,1258,20637000,3
86,1417521658,861988903,51,133,132,1753,20064000,0
86,1417521658,861988903,53,133,122,564,20586000,1
86,1417521658,861988903,56,133,132,1598,20499000,2
86,1417521658,861988903,55,133,132,1753,20067000,0
87,1417521658,881988645,52,133,132,1606,20388000,0
87,1417521658,881988645,57,133,123,564,20897000,1
87,1417521658,881988645,50,133,132,1258,20319000,0
87,1417521658,881988645,53,133,123,564,20734000,1
87,1417521658,881988645,56,133,132,1598,20391000,2
88,1417521658,881988645,54,133,132,1258,20363000,0
88,1417521658,881988645,51,133,132,1753,20624000,0
88,1417521658,881988645,55,133,132,1744,20010000,0
88,1417521658,901988388,52,133,132,1598,19937000,0
88,1417521658,901988388,50,133,132,1258,20114001,0
89,1417521658,901988388,57,133,124,564,20181001,0
89,1417521658,901988388,51,133,132,1744,10534000,0
89,1417521658,901988388,53,133,124,564,20378000,0
89,1417521658,901988388,56,133,132,1598,20422000,0
89,1417521658,902988375,54,133,132,1258,20301000,0
90,1417521658,902988375,55,133,132,1744,20029000,0
90,1417521658,921988130,52,133,132,1598,20081000,0
90,1417521658,921988130,51,133,132,1744,20439001,8
90,1417521658,922988117,53,133,121,528,20653000,1
90,1417521658,922988117,56,133,132,1594,20693001,1
91,1417521658,922988117,57,133,121,528,20504000,0
91,1417521658,922988117,54,133,133,1268,20346001,0
91,1417521658,922988117,50,133,133,1268,20961001,1
91,1417521658,922988117,55,133,132,1744,19990001,0
91,1417521658,942987860,52,133,132,1598,19885000,0
92,1417521658,942987860,53,133,122,528,20461000,0
92,1417521658,942987860,56,133,132,1594,20280001,0
92,1417521658,942987860,50,133,133,1268,20246000,0
92,1417521658,942987860,57,133,122,528,20337001,0
92,1417521658,942987860,54,133,133,1268,20349001,0
93,1417521658,942987860,51,133,132,1744,20309001,0
93,1417521658,942987860,55,133,132,1744,19968001,0
93,1417521658,962987602,52,133,132,1594,19995001,0
93,1417521658,962987602,50,133,133,1268,20090000,0
93,1417521658,962987602,53,133,123,528,20212001,0
94,1417521658,962987602,54,133,133,1268,20203001,0
94,1417521658,963987589,51,133,132,1744,20500001,0
94,1417521658,963987589,57,133,123,528,20310001,0
94,1417521658,963987589,56,133,132,1594,20391001,0
94,1417521658,963987589,55,133,132,1734,20022001,0
95,1417521658,984987319,52,133,132,1594,20064001,0
95,1417521658,984987319,51,133,132,1734,20562001,7
95,1417521658,984987319,53,133,124,528,20474001,0
95,1417521658,984987319,54,133,132,1258,20140001,0
95,1417521658,984987319,50,133,132,1258,20856001,1
96,1417521658,984987319,57,133,124,528,20380001,0
96,1417521658,984987319,56,133,132,1594,20747001,1
96,1417521658,984987319,52,133,132,1594,20053001,0
96,1417521659,4999936,55,133,132,1734,19994001,0
96,1417521659,4999936,50,133,132,1258,20190001,0
97,1417521659,4999936,53,133,125,528,20441001,0
97,1417521659,4999936,56,133,132,1593,20452001,1
97,1417521659,4999936,51,133,132,1734,20456001,0
97,1417521659,4999936,57,133,125,528,20418001,0
97,1417521659,5999923,54,133,132,1258,20159001,0
98,1417521659,5999923,55,133,132,1734,19965001,0
98,1417521659,24999679,52,133,132,1594,19921001,0
98,1417521659,24999679,51,133,132,1734,20417001,4
98,1417521659,25999666,57,133,126,528,20188001,0
98,1417521659,25999666,56,133,132,1593,20281001,0
99,1417521659,25999666,53,133,126,528,20656001,2
99,1417521659,25999666,54,133,132,1258,20387001,0
99,1417521659,25999666,50,133,132,1258,20375001,0
99,1417521659,25999666,52,133,132,1593,20100001,0
99,1417521659,45999408,55,133,132,1736,20023001,0
100,1417521659,45999408,51,133,132,1736,20293001,0
100,1417521659,45999408,57,133,120,465,20629001,2
100,1417521659,45999408,56,133,132,1593,20315001,0
100,1417521659,45999408,53,133,120,465,20246001,0
100,1417521659,45999408,50,133,132,1258,20962001,1
101,1417521659,45999408,54,133,132,1258,20292001,0
101,1417521659,46999395,51,133,132,1736,20178001,0
101,1417521659,65999151,52,133,132,1593,20053001,0
101,1417521659,65999151,57,133,121,465,20712001,1
101,1417521659,65999151,53,133,121,465,20377001,0
102,1417521659,65999151,54,133,131,1239,20288001,0
102,1417521659,66999138,50,133,131,1239,20907001,1
102,1417521659,66999138,55,133,132,1736,20043001,0
102,1417521659,66999138,56,133,132,1584,20536001,0
102,1417521659,66999138,51,133,132,1736,20173001,0
103,1417521659,86998880,53,133,122,465,20321001,0
103,1417521659,86998880,54,133,132,1239,20102001,0
103,1417521659,86998880,57,133,122,465,20229001,0
103,1417521659,86998880,52,133,132,1593,20354001,0
103,1417521659,86998880,50,133,132,1239,20233001,0
104,1417521659,86998880,55,133,132,1736,20402001,0
104,1417521659,86998880,56,133,132,1584,20388001,0
104,1417521659,86998880,51,133,133,1746,20068001,0
104,1417521659,106998623,54,133,132,1239,20216001,0
104,1417521659,106998623,52,133,132,1584,20142001,0
105,1417521659,106998623,57,133,123,465,20741001,1
105,1417521659,106998623,55,133,133,1746,20113001,0
105,1417521659,106998623,53,133,123,465,20364001,0
105,1417521659,106998623,56,133,132,1584,20379001,3
105,1417521659,106998623,50,133,132,1239,20423001,0
106,1417521659,107998610,52,133,132,1584,20227001,0
106,1417521659,126998365,51,133,133,1746,19983001,0
106,1417521659,126998365,55,133,133,1746,20784001,1
106,1417521659,127998353,53,133,124,465,20861001,1
106,1417521659,127998353,56,133,132,1588,20557001,1
107,1417521659,127998353,50,133,132,1229,21077001,1
107,1417521659,127998353,57,133,124,465,11992001,0
107,1417521659,127998353,54,133,132,1229,20551001,0
107,1417521659,127998353,52,133,132,1584,20346001,0
107,1417521659,147998095,51,133,133,1746,20006001,0
108,1417521659,147998095,55,133,133,1746,19980001,0
108,1417521659,147998095,56,133,132,1588,20696001,4
108,1417521659,147998095,57,133,125,465,12289001,0
108,1417521659,147998095,53,133,125,465,20477001,0
108,1417521659,147998095,54,133,132,1229,20821001,6
109,1417521659,147998095,50,133,132,1229,12150001,0
109,1417521659,147998095,52,133,132,1588,20368001,0
109,1417521659,167997838,55,133,133,1746,19977001,0
109,1417521659,167997838,51,133,133,1746,19812001,0
109,1417521659,167997838,57,133,126,465,20363001,3
110,1417521659,168997825,56,133,132,1588,20340001,0
110,1417521659,168997825,53,133,126,465,20631001,1
110,1417521659,168997825,54,133,132,1229,20999001,1
110,1417521659,168997825,50,133,132,1229,20616001,1
110,1417521659,168997825,51,133,134,1757,20337001,0
111,1417521659,188997567,52,133,132,1588,20316001,0
111,1417521659,188997567,55,133,134,1757,20337001,0
111,1417521659,188997567,53,133,127,465,20616001,3
111,1417521659,188997567,57,133,127,465,20461001,5
111,1417521659,188997567,56,133,132,1588,20573001,5
112,1417521659,188997567,50,133,131,1215,20475001,6
112,1417521659,188997567,54,133,131,1215,20329001,0
112,1417521659,188997567,51,133,134,1757,20069001,0
112,1417521659,208997310,52,133,132,1588,20328001,0
112,1417521659,208997310,55,133,134,1757,19921001,0
113,1417521659,208997310,57,133,128,465,20195001,0
113,1417521659,208997310,56,133,133,1599,20290001,0
113,1417521659,208997310,53,133,128,465,20250001,0
113,1417521659,209997297,50,133,132,1215,20302001,0
113,1417521659,209997297,54,133,132,1215,20286001,0
114,1417521659,209997297,51,133,134,1757,20126001,0
114,1417521659,228997052,52,133,132,1588,20348001,0
114,1417521659,229997039,55,133,134,1757,19942001,0
114,1417521659,229997039,57,133,129,465,20170001,0
114,1417521659,229997039,56,133,133,1599,20278001,0
115,1417521659,229997039,53,133,129,465,20216001,0
115,1417521659,229997039,50,133,132,1215,20992001,1
115,1417521659,229997039,54,133,132,1215,20482001,2
115,1417521659,229997039,52,133,133,1599,20320001,0
115,1417521659,249996782,55,133,133,1754,19924001,0
116,1417521659,249996782,51,133,133,1754,20088001,0
116,1417521659,249996782,53,133,130,465,20205001,0
116,1417521659,249996782,56,133,133,1599,20304001,0
116,1417521659,249996782,57,133,130,465,20284001,0
116,1417521659,249996782,50,133,132,1215,20372001,0
117,1417521659,249996782,54,133,132,1215,20439001,1
117,1417521659,250996769,52,133,133,1599,20327001,0
117,1417521659,269996524,53,133,131,465,20132001,0
117,1417521659,269996524,56,133,132,1598,20345001,0
117,1417521659,269996524,57,133,131,465,20379001,0
118,1417521659,270996512,51,133,133,1754,20408001,0
118,1417521659,270996512,50,133,132,1207,20954001,1
118,1417521659,270996512,54,133,132,1207,20430001,0
118,1417521659,270996512,55,133,133,1754,19904001,0
118,1417521659,270996512,52,133,133,1599,20382001,0
119,1417521659,290996254,53,133,132,465,20034001,0
119,1417521659,290996254,56,133,132,1598,20258001,0
119,1417521659,290996254,57,133,132,465,20514001,0
119,1417521659,290996254,54,133,132,1207,20348001,0
119,1417521659,290996254,50,133,132,1207,20854001,1
120,1417521659,290996254,51,133,133,1754,20501001,0
120,1417521659,290996254,55,133,133,1754,20315001,0
120,1417521659,291996241,56,133,132,1598,20109002,0
120,1417521659,310995997,52,133,132,1598,20049002,0
120,1417521659,310995997,53,133,132,465,19950001,0
121,1417521659,310995997,50,133,132,1207,20055001,0
121,1417521659,310995997,51,133,133,1755,20338001,1
121,1417521659,310995997,54,133,132,1207,20145001,0
121,1417521659,310995997,57,133,132,465,20451001,0
121,1417521659,310995997,55,133,133,1755,20960002,1
122,1417521659,310995997,52,133,132,1598,20088002,0
122,1417521659,330995739,53,133,132,465,20029002,0
122,1417521659,330995739,56,133,131,1587,20067002,0
122,1417521659,330995739,54,133,133,1225,20225001,0
122,1417521659,331995726,50,133,133,1225,20173001,0
123,1417521659,331995726,51,133,133,1755,20425001,0
123,1417521659,331995726,55,133,133,1755,20847001,1
123,1417521659,331995726,57,133,132,465,20321002,0
123,1417521659,331995726,53,133,132,465,20000001,0
123,1417521659,351995469,56,133,132,1587,20137002,0
124,1417521659,351995469,52,133,132,1598,20106001,0
124,1417521659,351995469,55,133,133,1755,20260001,0
124,1417521659,351995469,50,133,133,1225,20194001,0
124,1417521659,351995469,51,133,133,1755,20751002,1
124,1417521659,351995469,57,133,132,465,20316002,0
125,1417521659,351995469,54,133,133,1225,20447002,0
125,1417521659,351995469,52,133,131,1587,20042002,0
125,1417521659,371995211,53,133,132,465,19949002,0
125,1417521659,371995211,56,133,132,1587,20102002,0
125,1417521659,371995211,50,133,133,1225,20182001,0
126,1417521659,371995211,51,133,133,1755,20639002,2
126,1417521659,371995211,55,133,133,1755,20104002,0
126,1417521659,371995211,57,133,132,465,20236002,0
126,1417521659,372995198,54,133,133,1225,20331002,0
126,1417521659,372995198,53,133,132,465,20263002,0
127,1417521659,391994954,52,133,132,1587,20104002,0
127,1417521659,391994954,56,133,132,1587,20345002,0
127,1417521659,392994941,55,133,132,1748,20089002,0
127,1417521659,392994941,57,133,132,465,20755002,1
127,1417521659,392994941,51,133,132,1748,20203002,0
128,1417521659,392994941,54,133,133,1227,20373002,0
128,1417521659,392994941,50,133,133,1227,20248002,0
128,1417521659,392994941,52,133,132,1587,20168002,0
128,1417521659,412994683,53,133,132,465,20110002,0
128,1417521659,412994683,51,133,132,1748,20240002,0
129,1417521659,412994683,54,133,133,1227,20272002,0
129,1417521659,412994683,57,133,132,465,20448002,0
129,1417521659,412994683,55,133,132,1748,20275002,0
129,1417521659,412994683,50,133,133,1227,21037002,2
129,1417521659,412994683,56,133,132,1585,20539002,0
130,1417521659,412994683,51,133,132,1748,20122002,0
130,1417521659,432994426,52,133,132,1587,20136002,0
130,1417521659,432994426,54,133,133,1227,20402002,0
130,1417521659,432994426,50,133,133,1227,20870002,1
130,1417521659,433994413,57,133,132,465,20634002,1
131,1417521659,433994413,53,133,132,465,20443002,0
131,1417521659,433994413,56,133,132,1585,20431002,0
131,1417521659,433994413,55,133,132,1748,20534002,0
131,1417521659,433994413,52,133,132,1585,20257002,0
131,1417521659,453994155,54,133,133,1227,20292002,0
132,1417521659,453994155,57,133,132,465,20239002,0
132,1417521659,453994155,53,133,132,465,20318002,0
132,1417521659,453994155,51,133,130,1726,20374002,0
132,1417521659,453994155,55,133,130,1726,21074002,1
132,1417521659,453994155,50,133,133,1227,21082002,1
133,1417521659,453994155,56,133,132,1585,20421002,0
133,1417521659,453994155,54,133,132,1217,20109002,0
133,1417521659,473993898,57,133,132,465,20263002,0
133,1417521659,473993898,53,133,132,465,20234002,0
133,1417521659,473993898,52,133,132,1585,20140002,0
134,1417521659,474993885,51,133,131,1726,20317002,0
134,1417521659,474993885,55,133,131,1726,20290002,0
134,1417521659,474993885,50,133,132,1217,21022002,1
134,1417521659,474993885,56,133,132,1581,20641002,0
134,1417521659,474993885,54,133,132,1217,20043002,0
135,1417521659,493993640,53,133,132,465,19876002,0
135,1417521659,494993628,50,133,132,1217,20239002,0
135,1417521659,494993628,51,133,132,1726,20154002,0
135,1417521659,494993628,55,133,132,1726,20056002,0
135,1417521659,494993628,52,133,132,1585,20434002,0
136,1417521659,494993628,56,133,132,1581,20343002,0
136,1417521659,494993628,57,133,132,465,20617002,0
136,1417521659,494993628,53,133,132,465,19975002,0
136,1417521659,514993370,54,133,132,1217,20013002,0
136,1417521659,514993370,55,133,132,1721,20215002,0
137,1417521659,514993370,51,133,132,1721,20361002,0
137,1417521659,514993370,52,133,132,1581,20439002,1
137,1417521659,514993370,50,133,132,1217,20956002,1
137,1417521659,514993370,57,133,132,465,21064002,1
137,1417521659,515993357,56,133,132,1581,20392002,0
138,1417521659,515993357,53,133,132,465,20021002,0
138,1417521659,534993113,55,133,132,1721,20150002,0
138,1417521659,534993113,51,133,132,1721,20355002,0
138,1417521659,535993100,56,133,131,1567,20816002,2
138,1417521659,535993100,57,133,132,465,20945002,3
139,1417521659,535993100,52,133,132,1581,20586002,1
139,1417521659,535993100,50,133,132,1209,20374002,0
139,1417521659,535993100,54,133,132,1209,20032002,0
139,1417521659,535993100,53,133,132,465,20155002,0
139,1417521659,555992842,52,133,132,1581,20791002,3
140,1417521659,555992842,55,133,132,1721,20332002,0
140,1417521659,555992842,50,133,132,1209,21066002,5
140,1417521659,555992842,51,133,132,1721,15392002,0
140,1417521659,555992842,54,133,132,1209,21031002,0
140,1417521659,555992842,57,133,132,465,20272002,0
141,1417521659,555992842,56,133,132,1567,20677002,0
141,1417521659,556992829,53,133,132,465,19946000,0
141,1417521659,575992585,55,133,132,1721,20163000,0
141,1417521659,575992585,50,133,132,1209,20229000,0
141,1417521659,575992585,56,133,132,1567,20357000,2
142,1417521659,576992572,57,133,132,465,20595000,0
142,1417521659,576992572,54,133,132,1209,20456000,0
142,1417521659,576992572,51,133,132,1721,15724000,0
142,1417521659,576992572,52,133,131,1567,20457000,0
142,1417521659,576992572,53,133,130,440,20342000,0
143,1417521659,596992314,55,133,132,1717,20081000,0
143,1417521659,596992314,50,133,131,1190,20102000,0
143,1417521659,596992314,56,133,132,1567,20759000,3
143,1417521659,596992314,57,133,130,440,20222000,0
143,1417521659,596992314,54,133,131,1190,20455000,3
144,1417521659,596992314,51,133,132,1717,20743000,4
144,1417521659,596992314,52,133,132,1567,20563000,0
144,1417521659,596992314,55,133,132,1717,20148000,0
144,1417521659,616992057,53,133,131,440,20003000,0
144,1417521659,616992057,54,133,132,1190,20201000,0
145,1417521659,616992057,51,133,132,1717,20376000,4
145,1417521659,616992057,52,133,132,1567,20351000,7
145,1417521659,616992057,50,133,132,1190,21079000,1
145,1417521659,617992044,57,133,131,440,15856000,0
145,1417521659,617992044,56,133,132,1564,20395000,0
146,1417521659,617992044,53,133,132,440,20500000,0
146,1417521659,636991799,55,133,132,1717,20267000,0
146,1417521659,637991787,51,133,132,1717,20244000,0
146,1417521659,637991787,54,133,132,1190,20688000,6
146,1417521659,637991787,52,133,132,1567,20283000,0
147,1417521659,637991787,56,133,132,1564,20819000,3
147,1417521659,637991787,57,133,132,440,20521000,6
147,1417521659,637991787,50,133,132,1190,20514000,0
147,1417521659,637991787,55,133,132,1709,20355000,0
147,1417521659,657991529,53,133,132,440,20436000,0
148,1417521659,657991529,51,133,132,1709,20181000,0
148,1417521659,657991529,56,133,132,1564,20232000,0
148,1417521659,657991529,52,133,132,1564,20286000,0
148,1417521659,657991529,57,133,132,440,20889000,1
148,1417521659,657991529,50,133,132,1190,20132000,0
149,1417521659,658991516,54,133,132,1190,20272000,0
149,1417521659,658991516,55,133,132,1709,20122000,0
149,1417521659,677991272,53,133,132,440,20004000,0
149,1417521659,677991272,51,133,132,1709,20190000,0
149,1417521659,677991272,56,133,132,1564,20435000,2
150,1417521659,677991272,52,133,132,1564,20192000,0
150,1417521659,678991259,54,133,131,1172,20424000,0
150,1417521659,678991259,50,133,131,1172,20943000,3
150,1417521659,678991259,57,133,132,440,21058000,1
150,1417521659,678991259,55,133,132,1709,19957000,0
151,1417521659,698991001,53,133,132,440,20074000,0
151,1417521659,698991001,56,133,132,1564,20572000,3
151,1417521659,698991001,51,133,132,1709,20082000,0
151,1417521659,698991001,52,133,132,1564,20247000,0
151,1417521659,698991001,54,133,132,1172,20178000,0
152,1417521659,698991001,50,133,132,1172,21017000,1
152,1417521659,698991001,57,133,132,440,21020000,1
152,1417521659,698991001,55,133,132,1708,20055000,0
152,1417521659,718990744,53,133,132,440,20061000,0
152,1417521659,718990744,56,133,132,1564,20602000,1
153,1417521659,718990744,52,133,132,1564,20144000,0
153,1417521659,718990744,51,133,132,1708,20573000,1
153,1417521659,718990744,54,133,132,1172,20173000,0
153,1417521659,719990731,50,133,132,1172,20976000,1
153,1417521659,719990731,57,133,132,440,20993000,1
154,1417521659,719990731,55,133,132,1708,20083000,0
154,1417521659,738990486,56,133,132,1554,20223000,0
154,1417521659,739990473,52,133,132,1564,20149000,0
154,1417521659,739990473,51,133,132,1708,20319000,0
154,1417521659,739990473,50,133,134,1201,20903000,1
155,1417521659,739990473,54,133,134,1201,20256000,0
155,1417521659,739990473,53,133,132,440,20557000,0
155,1417521659,739990473,57,133,132,440,20252000,0
155,1417521659,739990473,52,133,132,1564,19978000,0
155,1417521659,759990216,56,133,132,1554,20225000,0
156,1417521659,759990216,55,133,132,1708,20034000,0
156,1417521659,759990216,51,133,132,1708,20196000,0
156,1417521659,759990216,53,133,132,440,20380000,0
156,1417521659,759990216,54,133,134,1201,20294000,0
156,1417521659,759990216,50,133,134,1201,20538000,0
157,1417521659,759990216,57,133,132,440,21000000,1
157,1417521659,759990216,52,133,132,1554,20030000,0
157,1417521659,779989958,56,133,132,1554,20319000,0
157,1417521659,779989958,55,133,132,1708,19997000,0
157,1417521659,779989958,51,133,132,1708,20124000,0
158,1417521659,779989958,54,133,134,1201,20164000,0
158,1417521659,780989946,53,133,132,440,20374000,3
158,1417521659,780989946,50,133,134,1201,20953000,1
158,1417521659,780989946,57,133,132,440,20336000,0
158,1417521659,780989946,52,133,132,1554,19863000,0
159,1417521659,800989688,56,133,132,1554,20319000,0
159,1417521659,800989688,54,133,135,1224,20240000,0
159,1417521659,800989688,51,133,130,1684,20086000,0
159,1417521659,800989688,53,133,132,440,20340000,0
159,1417521659,800989688,57,133,132,440,17335000,0
160,1417521659,800989688,50,133,135,1224,20388000,0
160,1417521659,800989688,55,133,130,1684,19955000,0
160,1417521659,800989688,56,133,132,1547,20299000,0
160,1417521659,820989431,52,133,132,1554,19898000,0
160,1417521659,820989431,54,133,134,1224,20154000,0
161,1417521659,820989431,53,133,132,440,20362000,0
161,1417521659,820989431,57,133,132,440,17809000,0
161,1417521659,820989431,51,133,131,1684,20504000,0
161,1417521659,821989418,50,133,134,1224,20348000,0
161,1417521659,821989418,55,133,131,1684,20426000,0
162,1417521659,821989418,52,133,132,1554,19907000,0
162,1417521659,840989173,56,133,132,1547,20265000,0
162,1417521659,841989160,54,133,134,1224,20111000,0
162,1417521659,841989160,51,133,132,1684,20875000,1
162,1417521659,841989160,57,133,132,440,20442000,6
163,1417521659,841989160,53,133,132,440,20413000,0
163,1417521659,841989160,55,133,132,1684,20490000,1
163,1417521659,841989160,50,133,134,1224,20543000,1
163,1417521659,841989160,52,133,132,1547,19969000,0
163,1417521659,861988903,56,133,132,1547,20382000,0
164,1417521659,861988903,57,133,132,440,20373000,2
164,1417521659,861988903,51,133,130,1657,20072000,0
164,1417521659,861988903,53,133,132,440,20710000,3
164,1417521659,861988903,55,133,130,1657,20337000,0
164,1417521659,861988903,50,133,134,1224,20986000,1
165,1417521659,861988903,54,133,134,1224,20470000,0
165,1417521659,862988890,52,133,132,1547,20001000,0
165,1417521659,881988645,56,133,131,1533,20373000,0
165,1417521659,881988645,57,133,132,440,20156000,0
165,1417521659,881988645,51,133,131,1657,20240000,0
166,1417521659,882988632,55,133,131,1657,20377000,0
166,1417521659,882988632,53,133,132,440,20435000,0
166,1417521659,882988632,54,133,134,1237,21030000,1
166,1417521659,882988632,50,133,134,1237,20376000,0
166,1417521659,882988632,56,133,132,1533,20201000,0
167,1417521659,902988375,52,133,132,1547,20004000,0
167,1417521659,902988375,55,133,132,1657,20196001,0
167,1417521659,902988375,50,133,134,1237,20339000,0
167,1417521659,902988375,51,133,132,1657,20095000,0
167,1417521659,902988375,57,133,132,440,20531000,0
168,1417521659,902988375,53,133,132,440,20463000,0
168,1417521659,902988375,54,133,134,1237,20318000,0
168,1417521659,902988375,56,133,132,1533,20050001,0
168,1417521659,922988117,52,133,131,1533,20046000,0
168,1417521659,922988117,55,133,130,1634,20114000,0
169,1417521659,922988117,50,133,134,1237,20455000,6
169,1417521659,922988117,51,133,130,1634,20641000,0
169,1417521659,923988104,57,133,132,440,20344000,0
169,1417521659,923988104,53,133,132,440,20303001,0
169,1417521659,923988104,54,133,134,1237,20373001,0
170,1417521659,923988104,50,133,134,1250,20194001,0
170,1417521659,943987847,51,133,131,1634,20238000,0
170,1417521659,943987847,55,133,131,1634,19980000,0
170,1417521659,943987847,56,133,130,1510,20322001,0
170,1417521659,943987847,52,133,132,1533,20325000,0
171,1417521659,943987847,57,133,132,440,20236000,0
171,1417521659,943987847,53,133,132,440,20460001,4
171,1417521659,943987847,54,133,134,1250,20431000,0
171,1417521659,943987847,50,133,134,1250,20568001,1
171,1417521659,963987589,51,133,132,1634,20087001,0
172,1417521659,963987589,55,133,132,1634,19971001,0
172,1417521659,963987589,57,133,132,440,20155000,0
172,1417521659,963987589,56,133,131,1510,20261000,0
172,1417521659,963987589,53,133,132,440,20636001,2
172,1417521659,964987577,52,133,132,1533,20287001,0
173,1417521659,964987577,54,133,134,1250,20357000,0
173,1417521659,964987577,55,133,132,1634,20081001,0
173,1417521659,983987332,51,133,132,1634,19960001,0
173,1417521659,984987319,56,133,132,1510,20097001,0
173,1417521659,984987319,57,133,132,440,20090001,0
174,1417521659,984987319,52,133,130,1510,20299001,0
174,1417521659,984987319,54,133,134,1250,20371001,0
174,1417521659,984987319,53,133,132,440,20464001,0
174,1417521659,984987319,50,133,134,1250,20373001,0
174,1417521659,984987319,52,133,131,1510,20237001,0
175,1417521660,4999936,56,133,132,1510,20091001,0
175,1417521660,4999936,57,133,132,440,20205001,0
175,1417521660,4999936,51,133,130,1604,20265001,0
175,1417521660,4999936,54,133,133,1244,20472001,3
175,1417521660,4999936,55,133,130,1604,20781001,0
176,1417521660,4999936,50,133,133,1244,21114001,3
176,1417521660,5999923,53,133,132,440,20852001,1
176,1417521660,5999923,52,133,132,1510,20085001,0
176,1417521660,25999666,51,133,131,1604,20349001,0
176,1417521660,26999653,54,133,133,1244,20262001,0
177,1417521660,26999653,55,133,131,1604,20961001,7
177,1417521660,26999653,56,133,130,1487,20413001,0
177,1417521660,26999653,50,133,133,1244,21164001,1
177,1417521660,26999653,57,133,132,440,20138001,0
177,1417521660,26999653,53,133,132,440,21072001,2
178,1417521660,26999653,55,133,132,1604,20123001,0
178,1417521660,46999395,54,133,133,1244,20322001,0
178,1417521660,46999395,56,133,131,1487,20131001,0
178,1417521660,46999395,50,133,133,1244,20405001,3
178,1417521660,46999395,51,133,132,1604,20162001,0
179,1417521660,47999383,53,133,132,440,20385001,0
179,1417521660,47999383,57,133,132,440,20480001,0
179,1417521660,47999383,52,133,132,1510,20574001,0
179,1417521660,47999383,51,133,131,1593,20315001,0
179,1417521660,66999138,50,133,133,1244,20076001,0
180,1417521660,66999138,55,133,131,1593,20236001,0
180,1417521660,66999138,54,133,133,1244,20074001,0
180,1417521660,67999125,53,133,132,440,20320001,0
180,1417521660,67999125,56,133,132,1487,20387001,0
180,1417521660,67999125,57,133,132,440,20362001,0
181,1417521660,67999125,52,133,130,1487,20327001,0
181,1417521660,67999125,55,133,132,1593,19825001,0
181,1417521660,87998868,51,133,132,1593,20232001,0
181,1417521660,87998868,54,133,132,1234,19981001,0
181,1417521660,87998868,50,133,132,1234,20077001,0
182,1417521660,87998868,53,133,132,440,20381001,0
182,1417521660,87998868,56,133,132,1482,20347001,0
182,1417521660,87998868,57,133,132,440,20546001,1
182,1417521660,87998868,52,133,131,1487,20352001,0
182,1417521660,87998868,51,133,132,1593,20077001,0
183,1417521660,107998610,50,133,132,1234,19938001,0
183,1417521660,107998610,56,133,132,1482,20286001,0
183,1417521660,107998610,53,133,132,440,20274001,0
183,1417521660,107998610,57,133,132,440,20171001,0
183,1417521660,107998610,55,133,132,1593,19827001,0
184,1417521660,107998610,52,133,132,1487,20257001,0
184,1417521660,108998597,54,133,132,1234,20194001,0
184,1417521660,108998597,56,133,132,1482,20229001,0
184,1417521660,127998353,53,133,132,440,20199001,0
184,1417521660,127998353,51,133,132,1589,20349001,0
185,1417521660,127998353,52,133,132,1482,20213001,0
185,1417521660,128998340,55,133,132,1589,20241001,0
185,1417521660,128998340,54,133,132,1234,20274001,0
185,1417521660,128998340,50,133,132,1234,20202001,0
185,1417521660,128998340,57,133,132,440,20468001,0
186,1417521660,128998340,52,133,132,1482,20133001,0
186,1417521660,148998082,51,133,132,1589,20250001,0
186,1417521660,148998082,55,133,132,1589,20248001,0
186,1417521660,148998082,54,133,132,1243,20527001,0
186,1417521660,148998082,50,133,132,1243,21018001,1
187,1417521660,148998082,56,133,132,1475,20488001,0
187,1417521660,148998082,57,133,132,440,20987001,2
187,1417521660,148998082,53,133,132,440,20493001,0
187,1417521660,148998082,52,133,132,1482,19917001,0
187,1417521660,168997825,56,133,132,1475,20293001,0
188,1417521660,168997825,55,133,132,1589,20226001,0
188,1417521660,168997825,54,133,132,1243,20139001,0
188,1417521660,168997825,57,133,132,440,20246001,0
188,1417521660,168997825,50,133,132,1243,20086001,0
188,1417521660,168997825,53,133,132,440,20399001,0
189,1417521660,168997825,51,133,132,1589,20042001,0
189,1417521660,169997812,52,133,132,1475,20064001,0
189,1417521660,188997567,56,133,132,1475,19975001,0
189,1417521660,188997567,54,133,132,1243,20025001,0
189,1417521660,188997567,55,133,132,1589,20267001,0
190,1417521660,188997567,50,133,132,1243,20346001,0
190,1417521660,189997554,57,133,132,440,20193001,0
190,1417521660,189997554,51,133,132,1589,20423001,0
190,1417521660,189997554,53,133,132,440,18784001,0
190,1417521660,189997554,54,133,133,1260,20718001,3
191,1417521660,208997310,52,133,132,1475,19955001,0
191,1417521660,208997310,56,133,132,1475,19841001,0
191,1417521660,208997310,55,133,130,1568,19944001,0
191,1417521660,209997297,50,133,133,1260,20826001,3
191,1417521660,209997297,57,133,132,440,20168001,0
192,1417521660,209997297,51,133,130,1568,20293001,2
192,1417521660,209997297,53,133,132,440,20367001,2
192,1417521660,209997297,56,133,131,1457,20669001,1
192,1417521660,229997039,54,133,133,1260,20132001,0
192,1417521660,229997039,55,133,131,1568,19985001,0
193,1417521660,229997039,52,133,132,1475,19879001,0
193,1417521660,229997039,53,133,132,440,20244001,0
193,1417521660,229997039,57,133,132,440,20238001,0
193,1417521660,230997026,51,133,131,1568,20319001,0
193,1417521660,230997026,50,133,133,1260,18924001,0
194,1417521660,230997026,54,133,133,1260,20083001,0
194,1417521660,249996782,55,133,132,1568,20602001,4
194,1417521660,249996782,52,133,132,1475,19940001,0
194,1417521660,249996782,57,133,132,440,20252001,0
194,1417521660,249996782,51,133,132,1568,20347001,3
195,1417521660,249996782,50,133,133,1260,18783001,0
195,1417521660,250996769,53,133,132,440,20459001,1
195,1417521660,250996769,56,133,132,1457,20815001,4
195,1417521660,250996769,55,133,132,1560,19992001,0
195,1417521660,269996524,52,133,131,1457,19883001,0
196,1417521660,269996524,54,133,133,1260,20103001,0
196,1417521660,269996524,57,133,134,469,20028001,0
196,1417521660,269996524,51,133,132,1560,20218001,1
196,1417521660,270996512,53,133,134,469,20448001,2
196,1417521660,270996512,56,133,132,1457,18752001,0
197,1417521660,270996512,50,133,133,1260,20376001,2
197,1417521660,270996512,52,133,132,1457,20208001,0
197,1417521660,289996267,57,133,134,469,20138001,0
197,1417521660,289996267,54,133,134,1283,20233001,0
197,1417521660,289996267,55,133,132,1560,20082001,0
198,1417521660,289996267,56,133,131,1439,18637001,0
198,1417521660,290996254,53,133,134,469,20327001,1
198,1417521660,290996254,51,133,132,1560,20239001,1
198,1417521660,290996254,50,133,134,1283,20454001,3
198,1417521660,290996254,55,133,132,1560,20263001,0
199,1417521660,310995997,57,133,134,469,20244001,0
199,1417521660,310995997,52,133,132,1457,20203001,0
199,1417521660,310995997,53,133,134,469,20396001,5
199,1417521660,310995997,51,133,132,1560,20241001,0
199,1417521660,310995997,50,133,134,1283,20699001,3
200,1417521660,310995997,54,133,134,1283,20349001,1
200,1417521660,310995997,56,133,132,1439,20273001,3
200,1417521660,310995997,57,133,134,469,20132001,0
200,1417521660,330995739,55,133,131,1544,20035002,0
200,1417521660,330995739,52,133,131,1439,20256001,0
201,1417521660,330995739,50,133,134,1283,20086002,0
201,1417521660,330995739,56,133,132,1439,20466001,2
201,1417521660,330995739,51,133,131,1544,20262002,3
201,1417521660,330995739,53,133,134,469,20313001,0
201,1417521660,330995739,54,133,134,1283,20294001,0
202,1417521660,330995739,55,133,132,1544,19934001,0
202,1417521660,350995482,57,133,134,469,20262002,0
202,1417521660,350995482,52,133,132,1439,20171002,0
202,1417521660,350995482,51,133,132,1544,20411002,4
202,1417521660,350995482,56,133,130,1411,20370002,6
203,1417521660,350995482,53,133,134,469,20090001,0
203,1417521660,351995469,50,133,135,1310,20158001,0
203,1417521660,351995469,54,133,135,1310,20590002,5
203,1417521660,351995469,57,133,134,469,20260001,0
203,1417521660,370995224,52,133,132,1439,20080001,0
204,1417521660,370995224,53,133,134,469,20361002,6
204,1417521660,371995211,56,133,131,1411,20220002,0
204,1417521660,371995211,50,133,134,1310,20398001,3
204,1417521660,371995211,55,133,132,1544,20264001,0
204,1417521660,371995211,51,133,132,1544,20068002,0
205,1417521660,371995211,54,133,134,1310,20448002,2
205,1417521660,371995211,56,133,132,1411,20105002,0
205,1417521660,391994954,52,133,130,1411,19961002,0
205,1417521660,391994954,57,133,134,469,19963002,0
205,1417521660,391994954,53,133,134,469,20164002,0
206,1417521660,391994954,51,133,132,1544,20137002,0
206,1417521660,391994954,50,133,134,1310,20459002,1
206,1417521660,391994954,55,133,132,1544,20412002,0
206,1417521660,391994954,54,133,134,1310,20128002,0
206,1417521660,391994954,52,133,131,1411,20064002,0
207,1417521660,411994696,56,133,132,1411,19969002,0
207,1417521660,411994696,53,133,134,469,20005002,0
207,1417521660,411994696,51,133,130,1517,19981002,0
207,1417521660,411994696,50,133,134,1328,20299002,1
207,1417521660,411994696,55,133,130,1517,20173002,0
208,1417521660,412994683,57,133,134,469,20921002,3
208,1417521660,412994683,54,133,134,1328,20392002,3
208,1417521660,412994683,56,133,131,1391,20547002,5
208,1417521660,431994439,53,133,134,469,20646002,2
208,1417521660,431994439,50,133,134,1328,20784002,2
209,1417521660,431994439,52,133,132,1411,20714002,3
209,1417521660,432994426,54,133,134,1328,20811002,5
209,1417521660,432994426,55,133,131,1517,20794002,2
209,1417521660,432994426,57,133,134,469,20749002,3
209,1417521660,432994426,51,133,131,1517,20739002,2
210,1417521660,432994426,53,133,134,469,20144002,0
210,1417521660,451994181,54,133,134,1328,20116002,0
210,1417521660,452994168,52,133,132,1411,20180002,0
210,1417521660,452994168,55,133,132,1517,20222002,0
210,1417521660,452994168,57,133,134,469,20205002,0
211,1417521660,452994168,51,133,132,1517,20173002,0
211,1417521660,452994168,56,133,132,1391,20024002,0
211,1417521660,452994168,50,133,134,1328,21040002,1
211,1417521660,452994168,55,133,132,1508,20162002,0
211,1417521660,472993911,52,133,131,1391,20161002,0
212,1417521660,472993911,57,133,134,469,20016002,0
212,1417521660,472993911,54,133,134,1328,20045002,0
212,1417521660,472993911,51,133,132,1508,20211002,0
212,1417521660,472993911,53,133,134,469,20334002,0
212,1417521660,472993911,56,133,132,1391,18575002,0
213,1417521660,472993911,50,133,134,1328,20222002,0
213,1417521660,473993898,57,133,134,469,19900002,0
213,1417521660,492993653,52,133,132,1391,19935002,0
213,1417521660,492993653,54,133,134,1335,20181002,0
213,1417521660,492993653,55,133,132,1508,20152002,0
214,1417521660,492993653,51,133,132,1508,20539002,2
214,1417521660,492993653,56,133,132,1393,20336002,2
214,1417521660,492993653,50,133,134,1335,20335002,0
214,1417521660,493993640,53,133,134,469,20255002,0
214,1417521660,493993640,57,133,134,469,19920002,0
215,1417521660,512993396,55,133,132,1508,20454002,1
215,1417521660,512993396,52,133,132,1391,20113002,0
215,1417521660,512993396,56,133,132,1393,20336002,6
215,1417521660,513993383,50,133,134,1335,20200002,1
215,1417521660,513993383,53,133,134,469,18594002,0
216,1417521660,513993383,51,133,132,1508,18613002,0
216,1417521660,513993383,54,133,134,1335,18648002,0
216,1417521660,513993383,52,133,132,1393,20159002,0
216,1417521660,532993138,57,133,134,469,20845002,3
216,1417521660,533993126,50,133,134,1335,20290002,5
217,1417521660,533993126,51,133,130,1487,20498002,2
217,1417521660,533993126,53,133,134,469,20558002,2
217,1417521660,533993126,54,133,134,1335,20573002,8
217,1417521660,533993126,56,133,132,1393,20109002,0
217,1417521660,533993126,55,133,130,1487,20299002,0
218,1417521660,533993126,52,133,132,1393,20238002,0
218,1417521660,553992868,50,133,134,1344,20100002,0
218,1417521660,553992868,57,133,134,469,20106002,0
218,1417521660,553992868,53,133,134,469,20363002,5
218,1417521660,553992868,54,133,134,1344,20104002,0
219,1417521660,553992868,51,133,131,1487,20438002,3
219,1417521660,553992868,56,133,131,1376,20284002,0
219,1417521660,553992868,55,133,131,1487,20747002,1
219,1417521660,554992855,57,133,134,469,20380000,1
219,1417521660,573992611,53,133,134,469,20424000,1
220,1417521660,573992611,50,133,134,1344,20384000,1
220,1417521660,573992611,52,133,132,1393,20381000,1
220,1417521660,573992611,51,133,132,1487,20238000,0
220,1417521660,573992611,56,133,132,1376,20454000,6
220,1417521660,573992611,54,133,134,1344,20614000,2
221,1417521660,574992598,55,133,132,1487,18772000,0
221,1417521660,574992598,52,133,131,1376,20174000,0
221,1417521660,593992353,53,133,134,469,20084000,0
221,1417521660,593992353,57,133,134,469,20119000,0
221,1417521660,593992353,50,133,134,1344,20112000,0
222,1417521660,593992353,54,133,134,1344,20501000,1
222,1417521660,593992353,51,133,132,1487,20293000,0
222,1417521660,594992340,56,133,132,1376,20226000,0
222,1417521660,594992340,55,133,132,1487,18666000,0
222,1417521660,594992340,50,133,134,1355,19943000,0
223,1417521660,613992096,52,133,132,1376,20247000,0
223,1417521660,613992096,57,133,134,469,20022000,0
223,1417521660,614992083,53,133,134,469,20077000,0
223,1417521660,614992083,54,133,134,1355,20146000,0
223,1417521660,614992083,51,133,132,1490,20357000,5
224,1417521660,614992083,56,133,132,1376,20276000,0
224,1417521660,614992083,55,133,132,1490,20330000,5
224,1417521660,614992083,52,133,132,1376,19979000,0
224,1417521660,634991825,57,133,134,469,20037000,0
224,1417521660,634991825,50,133,134,1355,20156000,0
225,1417521660,634991825,53,133,134,469,19987000,0
225,1417521660,634991825,54,133,134,1355,20364000,2
225,1417521660,634991825,51,133,132,1490,20146000,0
225,1417521660,634991825,56,133,130,1348,20321000,0
225,1417521660,634991825,55,133,132,1490,20264000,0
226,1417521660,634991825,50,133,134,1355,19951000,0
226,1417521660,654991568,54,133,134,1355,20204000,0
226,1417521660,654991568,53,133,134,469,20123000,0
226,1417521660,654991568,52,133,132,1376,19868000,0
226,1417521660,654991568,56,133,131,1348,20162000,0
227,1417521660,654991568,57,133,134,469,20121000,0
227,1417521660,654991568,51,133,132,1490,20144000,0
227,1417521660,655991555,55,133,132,1490,20203000,0
227,1417521660,655991555,52,133,130,1348,20072000,0
227,1417521660,674991310,56,133,132,1348,20306000,6
228,1417521660,674991310,50,133,134,1355,20022000,0
228,1417521660,674991310,54,133,134,1355,20148000,0
228,1417521660,674991310,57,133,132,441,20151000,0
228,1417521660,675991297,55,133,132,1490,20373000,6
228,1417521660,675991297,53,133,132,441,20301000,0
229,1417521660,675991297,51,133,132,1490,20144000,0
229,1417521660,675991297,50,133,135,1375,20221000,0
229,1417521660,694991053,52,133,131,1348,20310000,0
229,1417521660,694991053,56,133,131,1333,20111000,0
229,1417521660,694991053,57,133,132,441,20430000,0
230,1417521660,695991040,53,133,132,441,20469000,0
230,1417521660,695991040,54,133,135,1375,20547000,0
230,1417521660,696991027,55,133,132,1490,20504000,0
230,1417521660,696991027,51,133,132,1490,20775000,0
230,1417521660,696991027,57,133,132,441,20060000,0
231,1417521660,714990795,52,133,132,1348,20000000,0
231,1417521660,715990782,50,133,134,1375,20323000,0
231,1417521660,715990782,53,133,132,441,20325000,0
231,1417521660,716990769,55,133,132,1490,20751000,0
231,1417521660,716990769,54,133,134,1375,20581000,0
232,1417521660,717990757,56,133,132,1333,20498000,0
232,1417521660,717990757,51,133,132,1490,21124000,0
232,1417521660,717990757,57,133,132,441,19981000,0
232,1417521660,737990499,52,133,131,1333,19627000,0
232,1417521660,737990499,50,133,134,1375,20044000,0
233,1417521660,737990499,53,133,132,441,19697000,0
233,1417521660,737990499,54,133,134,1375,20235000,0
233,1417521660,737990499,56,133,132,1333,20001000,0
233,1417521660,737990499,51,133,132,1491,20935000,1
233,1417521660,737990499,55,133,132,1491,20374000,0
234,1417521660,737990499,50,133,135,1402,19697000,0
234,1417521660,757990242,57,133,132,441,19776000,0
234,1417521660,757990242,52,133,132,1333,19899000,0
234,1417521660,757990242,53,133,132,441,20058000,0
234,1417521660,757990242,54,133,135,1402,20258000,0
235,1417521660,757990242,51,133,132,1491,20236000,1
235,1417521660,757990242,56,133,131,1313,20047000,0
235,1417521660,758990229,55,133,132,1491,20146000,0
235,1417521660,758990229,57,133,132,441,20188000,0
235,1417521660,777989984,52,133,132,1333,19786000,0
236,1417521660,778989971,53,133,132,441,20507000,0
236,1417521660,778989971,51,133,132,1491,20406000,2
236,1417521660,778989971,55,133,132,1491,20296000,3
236,1417521660,778989971,56,133,132,1313,20450000,5
236,1417521660,778989971,54,133,134,1402,20421000,3
237,1417521660,778989971,50,133,134,1402,20730000,0
237,1417521660,778989971,52,133,131,1313,20048000,0
237,1417521660,798989714,53,133,132,441,20223000,0
237,1417521660,798989714,57,133,132,441,20037000,0
237,1417521660,798989714,55,133,132,1491,20669000,4
238,1417521660,799989701,51,133,132,1491,20478000,2
238,1417521660,799989701,56,133,132,1313,20628000,1
238,1417521660,799989701,54,133,134,1402,20691000,1
238,1417521660,799989701,50,133,134,1402,20574000,0
238,1417521660,799989701,52,133,132,1313,20076000,0
239,1417521660,818989456,53,133,132,441,19981000,0
239,1417521660,818989456,57,133,132,441,20015000,0
239,1417521660,819989443,55,133,132,1500,20165000,0
239,1417521660,819989443,56,133,132,1313,20221000,0
239,1417521660,819989443,54,133,134,1421,20216000,0
240,1417521660,819989443,50,133,134,1421,20326000,0
240,1417521660,819989443,51,133,132,1500,20525000,0
240,1417521660,819989443,52,133,132,1313,20093000,0
240,1417521660,839989186,57,133,132,441,20282000,0
240,1417521660,839989186,53,133,132,441,20148000,0
241,1417521660,839989186,55,133,132,1500,20374000,0
241,1417521660,839989186,50,133,134,1421,21062000,5
241,1417521660,839989186,54,133,134,1421,20524000,0
241,1417521660,839989186,56,133,130,1283,20656000,0
241,1417521660,839989186,51,133,132,1500,20595000,0
242,1417521660,839989186,53,133,132,441,19836000,0
242,1417521660,859988928,52,133,132,1313,19788000,0
242,1417521660,859988928,57,133,132,441,20093000,0
242,1417521660,859988928,55,133,132,1500,20007000,0
242,1417521660,859988928,56,133,131,1283,20733000,8
243,1417521660,859988928,50,133,134,1421,20349000,0
243,1417521660,860988916,51,133,132,1500,20410000,1
243,1417521660,860988916,54,133,134,1421,20261000,0
243,1417521660,860988916,53,133,132,441,20334000,0
243,1417521660,879988671,52,133,130,1283,19926000,0
244,1417521660,879988671,57,133,132,441,20287000,0
244,1417521660,880988658,55,133,131,1485,20569000,1
244,1417521660,880988658,50,133,134,1421,20664000,1
244,1417521660,880988658,56,133,132,1283,20216000,0
244,1417521660,880988658,54,133,134,1421,20545000,1
245,1417521660,880988658,51,133,131,1485,20428000,2
245,1417521660,880988658,57,133,132,441,20119000,0
245,1417521660,900988401,52,133,131,1283,19913000,0
245,1417521660,900988401,53,133,132,441,20343000,0
245,1417521660,900988401,55,133,132,1485,20335000,0
246,1417521660,900988401,50,133,134,1436,20769001,1
246,1417521660,900988401,56,133,132,1275,20561000,1
246,1417521660,900988401,54,133,134,1436,20348001,1
246,1417521660,900988401,51,133,132,1485,20560000,1
246,1417521660,900988401,53,133,132,441,19864001,0
247,1417521660,920988143,52,133,132,1283,19971000,0
247,1417521660,920988143,50,133,134,1436,20330000,0
247,1417521660,920988143,54,133,134,1436,20697000,7
247,1417521660,920988143,55,133,132,1485,20219001,0
247,1417521660,920988143,56,133,132,1275,20183001,0
248,1417521660,920988143,57,133,132,441,20407000,0
248,1417521660,921988130,51,133,132,1485,20283000,0
248,1417521660,921988130,53,133,132,441,20073000,0
248,1417521660,940987886,55,133,131,1474,20114001,0
248,1417521660,940987886,54,133,134,1436,20239000,0
249,1417521660,941987873,52,133,132,1275,20665001,0
249,1417521660,941987873,57,133,132,441,20263001,0
249,1417521660,941987873,56,133,132,1275,20394001,0
249,1417521660,941987873,50,133,134,1436,20731000,0
249,1417521660,941987873,51,133,131,1474,20534001,5
250,1417521660,941987873,55,133,132,1474,20241001,0
250,1417521660,960987628,53,133,135,482,20183001,0
250,1417521660,961987615,52,133,132,1275,20196001,0
250,1417521660,961987615,57,133,135,482,20519001,3
250,1417521660,961987615,50,133,134,1444,21080000,1
251,1417521660,961987615,56,133,132,1265,20512000,0
251,1417521660,961987615,54,133,134,1444,20531001,0
251,1417521660,961987615,51,133,132,1474,20651000,0
251,1417521660,961987615,53,133,134,482,19852001,0
251,1417521660,981987358,52,133,132,1275,19592001,0
252,1417521660,981987358,56,133,132,1265,20109001,0
252,1417521660,981987358,50,133,134,1444,19961001,0
252,1417521660,981987358,51,133,132,1474,20127001,0
252,1417521660,981987358,54,133,134,1444,20362001,0
252,1417521660,981987358,57,133,134,482,20533001,0
253,1417521660,981987358,55,133,132,1474,20251001,0
253,1417521660,981987358,52,133,132,1265,19786001,0
253,1417521661,1999975,50,133,134,1444,20381001,0
253,1417521661,1999975,56,133,132,1265,20264001,0
253,1417521661,1999975,54,133,134,1444,20079001,0
254,1417521661,1999975,51,133,132,1474,20198001,0
254,1417521661,1999975,53,133,134,482,20451001,0
254,1417521661,1999975,55,133,132,1474,20408001,0
254,1417521661,3999949,57,133,134,482,20712001,0
254,1417521661,3999949,54,133,133,1443,20858001,2
255,1417521661,21999717,51,133,133,1488,20304001,0
255,1417521661,21999717,56,133,132,1265,20338001,0
255,1417521661,22999704,52,133,132,1265,20273001,0
255,1417521661,23999692,55,133,133,1488,21153001,1
255,1417521661,23999692,53,133,134,482,20791001,0
256,1417521661,23999692,57,133,134,482,21797001,2
256,1417521661,23999692,50,133,133,1443,21264001,0
256,1417521661,23999692,51,133,133,1488,20248001,0
256,1417521661,43999434,52,133,132,1265,20318001,0
256,1417521661,44999421,55,133,133,1488,19829001,0
257,1417521661,44999421,53,133,134,482,20161001,0
257,1417521661,44999421,56,133,132,1256,20798001,0
257,1417521661,44999421,57,133,134,482,20297001,0
257,1417521661,44999421,50,133,133,1443,20309001,0
257,1417521661,44999421,54,133,133,1443,20937001,0
258,1417521661,44999421,55,133,133,1488,20096001,0
258,1417521661,65999151,51,133,133,1488,19659001,0
258,1417521661,65999151,52,133,132,1265,21062001,1
258,1417521661,65999151,56,133,132,1256,21008001,0
258,1417521661,66999138,50,133,133,1443,20366001,0
259,1417521661,66999138,53,133,134,482,21760001,1
259,1417521661,66999138,54,133,133,1443,20962001,1
259,1417521661,66999138,57,133,134,482,21107001,0
259,1417521661,66999138,51,133,132,1475,19614001,0
259,1417521661,86998880,55,133,132,1475,20543001,0
260,1417521661,86998880,52,133,132,1256,20063001,0
260,1417521661,86998880,56,133,132,1256,19854001,0
260,1417521661,86998880,50,133,133,1443,20189001,0
260,1417521661,86998880,54,133,133,1443,19969001,0
260,1417521661,86998880,53,133,134,482,21376001,1
261,1417521661,86998880,57,133,134,482,20041001,0
261,1417521661,86998880,55,133,132,1475,20313001,0
261,1417521661,106998623,51,133,132,1475,20358001,0
261,1417521661,106998623,52,133,132,1256,20140001,0
261,1417521661,106998623,56,133,131,1240,20155001,0
262,1417521661,106998623,50,133,134,1456,20453001,4
262,1417521661,106998623,54,133,134,1456,20290001,0
262,1417521661,106998623,53,133,134,482,20304001,0
262,1417521661,107998610,57,133,134,482,20102001,0
262,1417521661,107998610,51,133,132,1475,20303001,0
263,1417521661,126998365,55,133,132,1475,20296001,0
263,1417521661,127998353,52,133,132,1256,20305001,0
263,1417521661,127998353,56,133,132,1240,20262001,0
263,1417521661,127998353,53,133,134,482,20256001,0
263,1417521661,127998353,57,133,134,482,20595001,7
264,1417521661,127998353,50,133,134,1456,20329001,0
264,1417521661,127998353,54,133,134,1456,20470001,0
264,1417521661,127998353,52,133,131,1240,19974001,0
264,1417521661,147998095,51,133,132,1474,20393001,0
264,1417521661,147998095,56,133,132,1240,20236001,0
265,1417521661,147998095,53,133,134,482,20501001,1
265,1417521661,147998095,55,133,132,1474,20520001,0
265,1417521661,147998095,54,133,134,1456,5752001,0
265,1417521661,147998095,50,133,134,1456,20410001,0
265,1417521661,148998082,57,133,134,482,20097001,0
266,1417521661,148998082,51,133,132,1474,20471001,0
266,1417521661,167997838,56,133,131,1226,20322001,0
266,1417521661,168997825,53,133,134,482,20791001,5
266,1417521661,168997825,54,133,135,1485,20839001,8
266,1417521661,168997825,55,133,132,1474,20737001,0
267,1417521661,168997825,52,133,132,1240,20739001,0
267,1417521661,168997825,50,133,135,1485,20766001,0
267,1417521661,168997825,57,133,134,482,20991001,0
267,1417521661,168997825,51,133,132,1474,19963001,0
267,1417521661,188997567,56,133,132,1226,20200001,0
268,1417521661,188997567,53,133,134,482,20816001,1
268,1417521661,188997567,55,133,132,1474,20809001,1
268,1417521661,188997567,54,133,134,1485,20236001,0
268,1417521661,188997567,50,133,134,1485,20555001,0
268,1417521661,188997567,57,133,134,482,21060001,6
269,1417521661,189997554,52,133,132,1240,20858001,0
269,1417521661,189997554,56,133,132,1226,20501001,0
269,1417521661,209997297,53,133,134,482,20659001,1
269,1417521661,209997297,54,133,134,1485,20081001,0
269,1417521661,209997297,55,133,132,1474,20530001,0
270,1417521661,209997297,50,133,134,1485,20461001,0
270,1417521661,209997297,51,133,132,1474,19776001,0
270,1417521661,209997297,57,133,134,482,20594001,0
270,1417521661,209997297,52,133,131,1226,20728001,0
270,1417521661,209997297,56,133,132,1226,19567001,0
271,1417521661,229997039,53,133,134,482,19597001,0
271,1417521661,230997026,54,133,134,1493,20006001,0
271,1417521661,230997026,55,133,132,1483,20006001,0
271,1417521661,230997026,50,133,134,1493,20446001,1
271,1417521661,230997026,51,133,132,1483,20781001,0
272,1417521661,230997026,57,133,134,482,20240001,0
272,1417521661,230997026,52,133,132,1226,20175001,0
272,1417521661,230997026,56,133,130,1201,20426001,0
272,1417521661,249996782,53,133,134,482,20372001,0
272,1417521661,250996769,54,133,134,1493,20759001,2
273,1417521661,250996769,55,133,132,1483,20400001,3
273,1417521661,250996769,51,133,132,1483,20430001,2
273,1417521661,250996769,50,133,134,1493,21017001,4
273,1417521661,250996769,52,133,132,1226,20231001,0
273,1417521661,250996769,57,133,134,482,7647001,0
274,1417521661,251996756,55,133,132,1483,20646001,1
274,1417521661,270996512,54,133,134,1493,20164001,0
274,1417521661,270996512,56,133,131,1201,20158001,0
274,1417521661,270996512,53,133,134,482,20427001,0
274,1417521661,270996512,50,133,134,1493,20909001,1
275,1417521661,270996512,51,133,132,1483,20574001,1
275,1417521661,270996512,57,133,134,482,20266001,2
275,1417521661,271996499,52,133,132,1226,20204001,0
275,1417521661,271996499,56,133,132,1201,20029001,0
275,1417521661,290996254,55,133,132,1483,20010001,0
276,1417521661,290996254,53,133,134,482,19890001,0
276,1417521661,290996254,54,133,134,1493,20229001,0
276,1417521661,290996254,51,133,132,1483,20538001,1
276,1417521661,291996241,57,133,134,482,20423001,6
276,1417521661,291996241,52,133,130,1201,20463001,5
277,1417521661,291996241,50,133,134,1493,20285001,0
277,1417521661,291996241,53,133,134,482,20335001,0
277,1417521661,310995997,54,133,134,1497,20116001,0
277,1417521661,311995984,55,133,132,1483,19870001,0
277,1417521661,311995984,56,133,130,1177,20212001,0
278,1417521661,311995984,52,133,131,1201,20578001,1
278,1417521661,311995984,51,133,132,1483,20256001,0
278,1417521661,311995984,57,133,134,482,20265001,0
278,1417521661,311995984,50,133,134,1497,20688001,3
278,1417521661,311995984,53,133,134,482,20143002,0
279,1417521661,331995726,55,133,132,1483,19890001,0
279,1417521661,331995726,56,133,131,1177,20055002,0
279,1417521661,331995726,54,133,134,1497,19977001,0
279,1417521661,331995726,57,133,134,482,20158001,0
279,1417521661,331995726,52,133,132,1201,20310002,0
280,1417521661,332995713,51,133,132,1483,20177002,0
280,1417521661,332995713,50,133,134,1497,20206002,0
280,1417521661,332995713,56,133,132,1177,20169001,0
280,1417521661,351995469,55,133,133,1500,20006002,0
280,1417521661,351995469,53,133,134,482,20124002,0
281,1417521661,351995469,57,133,134,482,20102002,0
281,1417521661,352995456,52,133,130,1177,20284001,0
281,1417521661,352995456,51,133,133,1500,20461001,0
281,1417521661,352995456,54,133,134,1497,20410002,0
281,1417521661,352995456,50,133,134,1497,20431001,0
282,1417521661,352995456,56,133,132,1173,20131002,0
282,1417521661,372995198,57,133,137,528,20204001,0
282,1417521661,372995198,53,133,137,528,19930002,0
282,1417521661,372995198,55,133,133,1500,19907002,0
282,1417521661,372995198,51,133,133,1500,20520002,1
283,1417521661,372995198,52,133,131,1177,20348002,0
283,1417521661,372995198,54,133,134,1512,20317002,0
283,1417521661,372995198,50,133,134,1512,20357002,0
283,1417521661,372995198,56,133,132,1173,20055002,0
283,1417521661,392994941,57,133,136,528,20068002,0
284,1417521661,392994941,55,133,133,1500,19915002,0
284,1417521661,392994941,53,133,136,528,19950002,0
284,1417521661,392994941,52,133,132,1177,20267002,0
284,1417521661,392994941,51,133,133,1500,20427002,0
284,1417521661,392994941,54,133,134,1512,20194002,0
285,1417521661,393994928,50,133,134,1512,20351002,0
285,1417521661,393994928,53,133,135,528,19935002,0
285,1417521661,412994683,57,133,135,528,20086002,0
285,1417521661,412994683,55,133,133,1500,19897002,0
285,1417521661,413994670,56,133,132,1173,20053002,0
286,1417521661,413994670,54,133,134,1512,20272002,0
286,1417521661,413994670,52,133,132,1173,20335002,0
286,1417521661,413994670,51,133,133,1500,20596002,3
286,1417521661,413994670,50,133,134,1512,20272002,0
286,1417521661,413994670,55,133,133,1508,19949002,0
287,1417521661,433994413,56,133,132,1173,20086002,0
287,1417521661,433994413,53,133,134,528,20018002,0
287,1417521661,433994413,54,133,133,1507,20506002,2
287,1417521661,433994413,52,133,132,1173,20379002,0
287,1417521661,433994413,51,133,133,1508,20228002,0
288,1417521661,433994413,57,133,134,528,20349002,0
288,1417521661,433994413,50,133,133,1507,20509002,2
288,1417521661,433994413,53,133,134,528,20031002,0
288,1417521661,453994155,56,133,132,1168,20060002,0
288,1417521661,453994155,57,133,134,528,20422002,1
289,1417521661,453994155,51,133,133,1508,20266002,0
289,1417521661,453994155,52,133,132,1173,20210002,0
289,1417521661,454994143,55,133,133,1508,20710002,0
289,1417521661,454994143,54,133,133,1507,20081002,0
289,1417521661,454994143,50,133,133,1507,20794002,4
290,1417521661,454994143,56,133,132,1168,20010002,0
290,1417521661,474993885,53,133,134,528,20026002,0
290,1417521661,474993885,57,133,134,528,20129002,0
290,1417521661,474993885,52,133,132,1173,20165002,0
290,1417521661,474993885,55,133,133,1508,20737002,0
291,1417521661,474993885,54,133,133,1507,20407002,0
291,1417521661,474993885,51,133,133,1508,20271002,0
291,1417521661,474993885,50,133,133,1507,20895002,1
291,1417521661,474993885,56,133,132,1168,20047002,0
291,1417521661,494993628,53,133,134,528,19970002,0
292,1417521661,494993628,55,133,132,1489,20227002,0
292,1417521661,494993628,54,133,133,1507,20321002,0
292,1417521661,494993628,52,133,132,1168,20303002,0
292,1417521661,494993628,50,133,133,1507,20280002,0
292,1417521661,494993628,57,133,134,528,20380002,0
293,1417521661,495993615,51,133,132,1489,9143002,0
293,1417521661,495993615,53,133,134,528,20433002,0
293,1417521661,514993370,56,133,131,1156,20065002,0
293,1417521661,514993370,55,133,132,1489,20151002,0
293,1417521661,515993357,57,133,134,528,20864002,1
294,1417521661,515993357,51,133,132,1489,20458002,1
294,1417521661,515993357,50,133,132,1505,20156002,0
294,1417521661,515993357,54,133,132,1505,20799002,1
294,1417521661,515993357,52,133,132,1168,20372002,0
294,1417521661,515993357,53,133,134,528,20035002,0
295,1417521661,535993100,56,133,132,1156,20265002,0
295,1417521661,535993100,57,133,134,528,20729002,1
295,1417521661,535993100,50,133,132,1505,20508002,2
295,1417521661,535993100,51,133,132,1489,20600002,7
295,1417521661,535993100,55,133,132,1489,20167002,0
296,1417521661,535993100,52,133,132,1168,20401002,0
296,1417521661,535993100,54,133,132,1505,21102002,1
296,1417521661,535993100,55,133,132,1488,20040002,0
296,1417521661,555992842,56,133,132,1156,19857002,0
296,1417521661,556992829,51,133,132,1488,20066002,0
297,1417521661,556992829,54,133,132,1505,20137002,0
297,1417521661,556992829,53,133,134,528,20003002,0
297,1417521661,556992829,50,133,132,1505,20480002,0
297,1417521661,556992829,52,133,131,1156,20095002,0
297,1417521661,556992829,57,133,134,528,22655002,1
298,1417521661,557992817,55,133,132,1488,20525000,1
298,1417521661,576992572,56,133,132,1155,20385000,0
298,1417521661,576992572,51,133,132,1488,20526000,0
298,1417521661,576992572,53,133,134,528,21022000,0
298,1417521661,576992572,54,133,133,1520,20799000,6
299,1417521661,576992572,50,133,133,1520,21223000,3
299,1417521661,576992572,52,133,132,1156,21120000,3
299,1417521661,576992572,57,133,134,528,20192000,0
299,1417521661,576992572,56,133,132,1155,20082000,0
299,1417521661,596992314,55,133,132,1488,20377000,0
300,1417521661,596992314,51,133,132,1488,20125000,0
300,1417521661,596992314,54,133,133,1520,20437000,0
300,1417521661,596992314,50,133,133,1520,20029000,0
300,1417521661,596992314,52,133,132,1156,20156000,0
300,1417521661,597992302,53,133,134,528,20461000,0
301,1417521661,597992302,57,133,134,528,11267000,0
301,1417521661,597992302,55,133,132,1488,20058000,0
301,1417521661,616992057,56,133,132,1155,20105000,0
301,1417521661,617992044,51,133,132,1488,20277000,0
301,1417521661,617992044,54,133,133,1520,20358000,0
302,1417521661,617992044,52,133,132,1155,20537000,6
302,1417521661,617992044,53,133,134,528,20799000,3
302,1417521661,617992044,50,133,133,1520,20874000,1
302,1417521661,617992044,57,133,134,528,11286000,0
302,1417521661,617992044,55,133,132,1485,20434000,0
303,1417521661,637991787,56,133,132,1155,19921000,0
303,1417521661,637991787,53,133,134,528,20373000,0
303,1417521661,637991787,54,133,134,1533,20381000,0
303,1417521661,637991787,52,133,132,1155,20267000,0
303,1417521661,637991787,51,133,132,1485,20433000,0
304,1417521661,637991787,50,133,134,1533,20343000,0
304,1417521661,637991787,57,133,134,528,11417000,0
304,1417521661,638991774,56,133,132,1155,20009000,0
304,1417521661,657991529,55,133,132,1485,20348000,0
304,1417521661,657991529,54,133,134,1533,20300000,0
305,1417521661,658991516,51,133,132,1485,20395000,4
305,1417521661,658991516,52,133,132,1155,20360000,0
305,1417521661,658991516,50,133,134,1533,19407000,0
305,1417521661,658991516,53,133,134,528,20397000,0
305,1417521661,658991516,57,133,134,528,11238000,0
306,1417521661,658991516,54,133,134,1533,20270000,0
306,1417521661,678991259,51,133,132,1485,20307000,0
306,1417521661,678991259,50,133,134,1533,20679000,5
306,1417521661,678991259,56,133,132,1155,20418000,0
306,1417521661,678991259,53,133,134,528,20378000,0
307,1417521661,678991259,52,133,132,1155,19600000,0
307,1417521661,678991259,55,133,132,1485,19998000,0
307,1417521661,678991259,57,133,134,528,11301000,0
307,1417521661,679991246,51,133,132,1491,20107000,0
307,1417521661,698991001,50,133,134,1533,20873000,2
308,1417521661,698991001,56,133,132,1155,20253000,0
308,1417521661,699990988,53,133,134,528,20376000,0
308,1417521661,699990988,52,133,132,1155,20939000,3
308,1417521661,699990988,55,133,132,1491,20701000,0
308,1417521661,699990988,54,133,134,1533,20528000,0
309,1417521661,699990988,57,133,134,528,11431000,0
309,1417521661,699990988,51,133,132,1491,20090000,0
309,1417521661,719990731,56,133,132,1163,20133000,0
309,1417521661,719990731,53,133,134,528,20242000,0
309,1417521661,719990731,54,133,135,1560,20395000,0
310,1417521661,719990731,52,133,132,1155,20822000,1
310,1417521661,719990731,50,133,135,1560,19966000,0
310,1417521661,719990731,57,133,134,528,20832000,7
310,1417521661,719990731,55,133,132,1491,20558000,2
310,1417521661,719990731,53,133,134,528,20167000,0
311,1417521661,739990473,56,133,132,1163,20159000,0
311,1417521661,739990473,57,133,134,528,20301000,0
311,1417521661,740990460,52,133,132,1155,20434000,0
311,1417521661,740990460,55,133,132,1491,20650000,1
311,1417521661,740990460,54,133,134,1560,20462000,0
312,1417521661,740990460,51,133,132,1491,20515000,0
312,1417521661,740990460,50,133,134,1560,20568000,0
312,1417521661,740990460,53,133,134,528,19905000,0
312,1417521661,760990203,56,133,132,1163,20021000,0
312,1417521661,760990203,52,133,132,1163,20835000,7
313,1417521661,760990203,51,133,134,1513,20948000,5
313,1417521661,760990203,50,133,134,1560,21030000,2
313,1417521661,760990203,54,133,134,1560,20656000,7
313,1417521661,760990203,55,133,134,1513,20423000,1
313,1417521661,760990203,57,133,134,528,21077000,1
314,1417521661,760990203,52,133,132,1163,20210000,0
314,1417521661,780989946,56,133,132,1158,20040000,0
314,1417521661,780989946,51,133,134,1513,20308000,0
314,1417521661,780989946,54,133,134,1575,20393000,0
314,1417521661,781989933,50,133,134,1575,20418000,0
315,1417521661,781989933,55,133,134,1513,20635000,0
315,1417521661,781989933,57,133,134,528,20855000,1
315,1417521661,781989933,53,133,134,528,20456000,0
315,1417521661,781989933,52,133,132,1163,20037000,0
315,1417521661,801989675,56,133,132,1158,19924000,0
316,1417521661,801989675,55,133,134,1513,20475000,6
316,1417521661,801989675,50,133,134,1575,20657000,1
316,1417521661,801989675,57,133,134,528,21043000,7
316,1417521661,801989675,53,133,134,528,20939000,1
316,1417521661,801989675,54,133,134,1575,20178000,0
317,1417521661,801989675,51,133,134,1513,20156000,0
317,1417521661,801989675,56,133,132,1158,20025000,0
317,1417521661,821989418,52,133,132,1158,20189000,0
317,1417521661,821989418,55,133,134,1513,20129000,0
317,1417521661,821989418,50,133,134,1575,20915000,3
318,1417521661,821989418,54,133,134,1575,20515000,0
318,1417521661,822989405,51,133,134,1513,20837000,0
318,1417521661,822989405,53,133,134,528,12503000,0
318,1417521661,822989405,57,133,134,528,20441000,0
318,1417521661,822989405,56,133,132,1158,19944000,0
319,1417521661,841989160,55,133,132,1500,20039000,0
319,1417521661,842989147,52,133,132,1158,20079000,0
319,1417521661,842989147,51,133,132,1500,20136000,0
319,1417521661,842989147,50,133,133,1574,20131000,0
319,1417521661,842989147,54,133,133,1574,20163000,0
320,1417521661,842989147,53,133,134,528,20500000,1
320,1417521661,842989147,57,133,134,528,20974000,7
320,1417521661,842989147,56,133,131,1146,20003000,0
320,1417521661,862988890,52,133,132,1158,19963000,0
320,1417521661,862988890,55,133,132,1500,20110000,0
321,1417521661,862988890,53,133,134,528,20395000,1
321,1417521661,862988890,54,133,133,1574,20109000,0
321,1417521661,862988890,50,133,133,1574,20791000,3
321,1417521661,862988890,51,133,132,1500,20377000,0
321,1417521661,862988890,57,133,134,528,20334000,0
322,1417521661,862988890,56,133,132,1146,20031000,0
322,1417521661,882988632,52,133,132,1158,19996000,0
322,1417521661,882988632,55,133,132,1500,20013000,0
322,1417521661,882988632,51,133,132,1500,20298000,0
322,1417521661,883988619,54,133,133,1574,20384000,0
323,1417521661,883988619,50,133,133,1574,20257000,0
323,1417521661,883988619,53,133,134,528,20408000,0
323,1417521661,883988619,57,133,134,528,20927000,2
323,1417521661,883988619,52,133,131,1146,19977000,0
323,1417521661,903988362,56,133,132,1146,20171000,0
324,1417521661,903988362,55,133,132,1499,19869001,0
324,1417521661,903988362,50,133,133,1574,20779000,1
324,1417521661,903988362,51,133,132,1499,20364000,0
324,1417521661,903988362,57,133,134,528,20535000,2
324,1417521661,903988362,53,133,134,528,13009000,0
325,1417521661,903988362,54,133,133,1574,20367000,0
325,1417521661,903988362,56,133,132,1150,20340000,0
325,1417521661,923988104,52,133,132,1146,19998001,0
325,1417521661,923988104,55,133,132,1499,19914000,0
325,1417521661,923988104,53,133,134,528,20734000,7
326,1417521661,923988104,54,133,133,1581,20915000,2
326,1417521661,923988104,50,133,133,1581,20167000,0
326,1417521661,923988104,51,133,132,1499,13120001,0
326,1417521661,924988092,57,133,134,528,20367001,0
326,1417521661,924988092,52,133,132,1146,20040000,0
327,1417521661,943987847,56,133,132,1150,19960001,0
327,1417521661,943987847,55,133,132,1499,20393000,0
327,1417521661,944987834,50,133,133,1581,20112001,0
327,1417521661,944987834,51,133,132,1499,20424001,1
327,1417521661,944987834,54,133,133,1581,20244001,0
328,1417521661,944987834,53,133,134,528,20532000,1
328,1417521661,944987834,57,133,134,528,20430001,1
328,1417521661,944987834,52,133,132,1150,19988000,0
328,1417521661,964987577,56,133,132,1150,20068001,0
328,1417521661,964987577,55,133,132,1503,19934001,0
329,1417521661,964987577,50,133,133,1581,20096001,0
329,1417521661,964987577,51,133,132,1503,20393001,0
329,1417521661,964987577,54,133,133,1581,20209001,0
329,1417521661,964987577,53,133,134,528,20319001,0
329,1417521661,964987577,57,133,134,528,20934001,4
330,1417521661,964987577,56,133,133,1169,19965001,0
330,1417521661,984987319,52,133,132,1150,20018001,0
330,1417521661,984987319,55,133,132,1503,19921001,0
330,1417521661,984987319,50,133,132,1578,20818001,1
330,1417521661,985987306,54,133,132,1578,20290001,0
331,1417521661,985987306,53,133,134,528,20449001,1
331,1417521661,985987306,51,133,132,1503,20416001,0
331,1417521661,985987306,57,133,134,528,20369001,0
331,1417521661,985987306,56,133,133,1169,19924001,0
331,1417521662,5999923,52,133,132,1150,19901001,0
332,1417521662,5999923,55,133,132,1503,20389001,0
332,1417521662,5999923,51,133,132,1503,20874001,6
332,1417521662,5999923,50,133,132,1578,20402001,0
332,1417521662,5999923,54,133,132,1578,20440001,0
332,1417521662,5999923,57,133,134,528,20369001,0
333,1417521662,5999923,53,133,134,528,20398001,0
333,1417521662,5999923,56,133,133,1169,19971001,0
333,1417521662,25999666,52,133,133,1169,20056001,0
333,1417521662,25999666,55,133,132,1503,19915001,0
333,1417521662,25999666,53,133,134,528,20392001,1
334,1417521662,25999666,54,133,132,1578,20661001,3
334,1417521662,25999666,57,133,134,528,20295001,0
334,1417521662,25999666,51,133,132,1503,20464001,0
334,1417521662,25999666,50,133,132,1578,20281001,0
334,1417521662,26999653,56,133,133,1169,20185001,0
335,1417521662,45999408,55,133,129,1470,20008001,0
335,1417521662,45999408,52,133,133,1169,20054001,0
335,1417521662,46999395,53,133,134,528,20374001,0
335,1417521662,46999395,54,133,132,1579,20392001,0
335,1417521662,46999395,57,133,134,528,20430001,3
336,1417521662,46999395,51,133,129,1470,20874001,6
336,1417521662,46999395,50,133,132,1579,20438001,3
336,1417521662,46999395,56,133,134,1183,20396001,0
336,1417521662,66999138,55,133,130,1470,19978001,0
336,1417521662,66999138,54,133,132,1579,20157001,0
337,1417521662,66999138,57,133,134,528,20352001,0
337,1417521662,66999138,53,133,134,528,20483001,2
337,1417521662,66999138,50,133,132,1579,20319001,0
337,1417521662,66999138,52,133,133,1169,20017001,0
337,1417521662,66999138,51,133,130,1470,20929001,1
338,1417521662,66999138,56,133,134,1183,19973001,0
338,1417521662,86998880,55,133,131,1470,20332001,0
338,1417521662,86998880,54,133,132,1579,20755001,2
338,1417521662,86998880,53,133,134,528,20280001,0
338,1417521662,87998868,50,133,132,1579,20472001,2
339,1417521662,87998868,51,133,131,1470,20254001,1
339,1417521662,87998868,52,133,133,1169,20844001,0
339,1417521662,87998868,57,133,134,528,20376001,0
339,1417521662,87998868,54,133,132,1579,20117001,0
339,1417521662,108998597,56,133,134,1183,19966001,0
340,1417521662,108998597,53,133,134,528,20189001,0
340,1417521662,108998597,50,133,132,1579,20354001,0
340,1417521662,108998597,51,133,132,1476,20323001,0
340,1417521662,108998597,52,133,134,1183,20824001,6
340,1417521662,108998597,55,133,132,1476,20434001,0
341,1417521662,108998597,57,133,134,528,20477001,2
341,1417521662,108998597,53,133,134,528,20001001,0
341,1417521662,128998340,54,133,134,1600,20048001,0
341,1417521662,128998340,56,133,134,1196,20093001,0
341,1417521662,128998340,50,133,134,1600,20372001,2
342,1417521662,128998340,52,133,134,1183,20284001,0
342,1417521662,128998340,51,133,132,1476,20303001,0
342,1417521662,129998327,55,133,132,1476,20859001,2
342,1417521662,129998327,57,133,134,528,21045001,4
342,1417521662,129998327,54,133,134,1600,20303001,0
343,1417521662,148998082,56,133,134,1196,19980001,0
343,1417521662,149998069,53,133,134,528,19963001,0
343,1417521662,149998069,52,133,134,1183,20258001,0
343,1417521662,149998069,50,133,134,1600,20315001,0
343,1417521662,149998069,51,133,132,1476,20150001,0
344,1417521662,149998069,55,133,132,1476,20915001,3
344,1417521662,149998069,57,133,134,528,20228001,0
344,1417521662,149998069,53,133,134,528,20115001,0
344,1417521662,169997812,56,133,134,1196,19925001,0
344,1417521662,169997812,52,133,134,1196,20241001,0
345,1417521662,169997812,50,133,134,1600,20648001,2
345,1417521662,169997812,55,133,134,1501,20340001,0
345,1417521662,169997812,54,133,134,1600,20338001,0
345,1417521662,169997812,57,133,134,528,20344001,0
345,1417521662,169997812,51,133,134,1501,20317001,0
346,1417521662,170997799,50,133,135,1625,20091001,0
346,1417521662,189997554,52,133,134,1196,20104001,0
346,1417521662,190997541,55,133,134,1501,20353001,0
346,1417521662,190997541,53,133,129,476,20424001,0
346,1417521662,190997541,56,133,135,1216,20446001,0
347,1417521662,190997541,54,133,135,1625,20490001,0
347,1417521662,190997541,51,133,134,1501,20419001,0
347,1417521662,190997541,57,133,129,476,21163001,6
347,1417521662,190997541,55,133,134,1501,20245001,0
347,1417521662,210997284,52,133,134,1196,20058001,0
348,1417521662,210997284,50,133,134,1625,20133001,0
348,1417521662,210997284,53,133,130,476,20316001,0
348,1417521662,210997284,56,133,134,1216,20914001,2
348,1417521662,210997284,54,133,134,1625,20959001,3
348,1417521662,210997284,57,133,130,476,20558001,1
349,1417521662,210997284,51,133,134,1501,20609001,1
349,1417521662,211997271,52,133,135,1216,19958001,0
349,1417521662,231997014,50,133,134,1625,20051001,0
349,1417521662,231997014,55,133,134,1501,19882001,0
349,1417521662,231997014,54,133,134,1625,20390001,0
350,1417521662,231997014,53,133,131,476,20202001,0
350,1417521662,231997014,57,133,131,476,20325001,0
350,1417521662,231997014,56,133,134,1216,20370001,0
350,1417521662,231997014,51,133,134,1501,20393001,2
350,1417521662,231997014,50,133,134,1643,19901001,0
351,1417521662,251996756,55,133,132,1474,19973001,0
351,1417521662,251996756,54,133,134,1643,20750001,1
351,1417521662,251996756,53,133,132,476,20231001,0
351,1417521662,251996756,57,133,132,476,20146001,0
351,1417521662,251996756,51,133,132,1474,20523001,3
352,1417521662,251996756,56,133,134,1216,15804001,0
352,1417521662,252996743,52,133,134,1216,20490001,0
352,1417521662,252996743,50,133,134,1643,20542001,1
352,1417521662,271996499,54,133,134,1643,19967001,0
352,1417521662,271996499,53,133,132,476,20054001,0
353,1417521662,271996499,55,133,132,1474,20437001,0
353,1417521662,271996499,51,133,132,1474,20187001,0
353,1417521662,272996486,56,133,134,1231,20370001,4
353,1417521662,272996486,57,133,132,476,20150001,0
353,1417521662,272996486,52,133,134,1216,20249001,0
354,1417521662,272996486,50,133,134,1643,20553001,1
354,1417521662,292996228,55,133,132,1474,20087001,0
354,1417521662,292996228,51,133,132,1474,20215001,0
354,1417521662,292996228,53,133,132,476,20629001,4
354,1417521662,292996228,57,133,132,476,20404001,0
355,1417521662,292996228,56,133,134,1231,20530001,4
355,1417521662,292996228,52,133,134,1216,16225001,0
355,1417521662,292996228,54,133,134,1643,20521001,0
355,1417521662,292996228,50,133,134,1643,20079001,0
355,1417521662,312995971,51,133,132,1479,20133001,0
356,1417521662,312995971,55,133,132,1479,20075001,0
356,1417521662,312995971,53,133,132,476,20351001,0
356,1417521662,313995958,56,133,134,1231,20326001,0
356,1417521662,313995958,57,133,132,476,20452001,0
356,1417521662,313995958,52,133,134,1231,20655001,1
357,1417521662,313995958,54,133,134,1643,16461001,0
357,1417521662,313995958,51,133,132,1479,19990002,0
357,1417521662,332995713,53,133,132,476,20217001,0
357,1417521662,332995713,50,133,134,1651,20099001,0
357,1417521662,333995700,56,133,134,1231,20281002,0
358,1417521662,333995700,57,133,132,476,20246001,0
358,1417521662,333995700,55,133,132,1479,20469001,0
358,1417521662,333995700,52,133,134,1231,20545001,7
358,1417521662,333995700,54,133,134,1651,20601002,8
358,1417521662,333995700,50,133,134,1651,20034002,0
359,1417521662,353995443,53,133,132,476,20184001,0
359,1417521662,353995443,56,133,134,1231,20067002,0
359,1417521662,353995443,51,133,132,1479,19955002,0
359,1417521662,353995443,52,133,134,1231,20419002,0
359,1417521662,353995443,57,133,132,476,20239001,0
360,1417521662,353995443,55,133,132,1479,20395002,0
360,1417521662,353995443,54,133,134,1651,20334002,0
360,1417521662,353995443,56,133,134,1231,20107002,0
360,1417521662,373995185,51,133,132,1487,19935002,0
360,1417521662,373995185,53,133,132,476,20340001,0
361,1417521662,373995185,50,133,134,1651,20077002,0
361,1417521662,373995185,57,133,132,476,20302002,0
361,1417521662,374995173,55,133,132,1487,20216002,0
361,1417521662,374995173,54,133,134,1651,20296002,0
361,1417521662,374995173,52,133,134,1231,20507002,0
362,1417521662,374995173,53,133,132,476,20326002,0
362,1417521662,394994915,51,133,132,1487,20008002,0
362,1417521662,394994915,56,133,134,1248,20087002,0
362,1417521662,394994915,50,133,132,1640,19941002,0
362,1417521662,394994915,57,133,132,476,20162002,0
363,1417521662,394994915,55,133,132,1487,20230002,0
363,1417521662,394994915,54,133,132,1640,20382002,4
363,1417521662,394994915,52,133,134,1231,20692002,4
363,1417521662,394994915,56,133,134,1248,20296002,0
363,1417521662,414994658,53,133,132,476,20296002,0
364,1417521662,414994658,50,133,132,1640,19882002,0
364,1417521662,414994658,51,133,132,1487,19958002,0
364,1417521662,414994658,54,133,132,1640,20355002,0
364,1417521662,414994658,57,133,132,476,20240002,0
364,1417521662,414994658,55,133,132,1487,20330002,0
365,1417521662,414994658,52,133,134,1231,17066002,0
365,1417521662,415994645,56,133,134,1248,20333002,0
365,1417521662,434994400,53,133,132,476,20323002,0
365,1417521662,434994400,50,133,132,1640,19908002,0
365,1417521662,434994400,51,133,132,1487,19998002,0
366,1417521662,435994387,57,133,132,476,20304002,0
366,1417521662,435994387,55,133,132,1487,20348002,0
366,1417521662,435994387,54,133,132,1640,20378002,0
366,1417521662,435994387,52,133,134,1248,17230002,0
366,1417521662,435994387,56,133,134,1248,19862002,0
367,1417521662,455994130,50,133,132,1634,19925002,0
367,1417521662,455994130,53,133,132,476,20325002,0
367,1417521662,455994130,51,133,131,1468,20104002,0
367,1417521662,455994130,57,133,132,476,20269002,0
367,1417521662,455994130,54,133,132,1634,20285002,0
368,1417521662,455994130,55,133,131,1468,20194002,0
368,1417521662,455994130,52,133,134,1248,17545002,0
368,1417521662,455994130,50,133,132,1634,19891002,0
368,1417521662,475993872,56,133,135,1277,20348002,0
368,1417521662,475993872,51,133,132,1468,20028002,0
369,1417521662,475993872,53,133,132,476,20317002,0
369,1417521662,475993872,57,133,132,476,20252002,0
369,1417521662,475993872,54,133,132,1634,20252002,0
369,1417521662,476993859,55,133,132,1468,20360002,0
369,1417521662,476993859,52,133,134,1248,20533002,7
370,1417521662,476993859,56,133,134,1277,19943002,0
370,1417521662,495993615,53,133,132,476,20287002,0
370,1417521662,496993602,57,133,132,476,20291002,0
370,1417521662,496993602,55,133,132,1468,20357002,0
370,1417521662,496993602,54,133,132,1634,20081002,0
371,1417521662,496993602,52,133,134,1248,20371002,1
371,1417521662,496993602,50,133,132,1634,20210002,0
371,1417521662,496993602,51,133,132,1468,20402002,0
371,1417521662,496993602,53,133,132,476,20386002,0
371,1417521662,516993344,55,133,134,1494,20291002,0
372,1417521662,516993344,52,133,135,1277,20270002,0
372,1417521662,516993344,50,133,132,1634,20421002,0
372,1417521662,516993344,56,133,134,1277,20280002,0
372,1417521662,516993344,51,133,134,1494,20543002,0
372,1417521662,517993332,57,133,132,476,20635002,0
373,1417521662,517993332,54,133,132,1634,20719002,0
373,1417521662,517993332,55,133,134,1494,19904002,0
373,1417521662,536993087,53,133,132,476,20421002,0
373,1417521662,537993074,50,133,132,1638,20338002,0
373,1417521662,537993074,51,133,134,1494,20444002,3
374,1417521662,537993074,56,133,134,1294,20444002,0
374,1417521662,537993074,54,133,132,1638,21193002,1
374,1417521662,537993074,52,133,134,1277,20639002,0
374,1417521662,537993074,57,133,132,476,18328002,0
374,1417521662,537993074,50,133,132,1638,20060002,0
375,1417521662,557992817,55,133,134,1494,20530002,0
375,1417521662,557992817,53,133,132,476,20396002,0
375,1417521662,557992817,51,133,134,1494,20378002,0
375,1417521662,557992817,54,133,132,1638,20249002,0
375,1417521662,557992817,56,133,134,1294,20994002,1
376,1417521662,558992804,57,133,132,476,20665002,4
376,1417521662,558992804,52,133,134,1277,20377002,0
376,1417521662,558992804,55,133,134,1497,19921000,0
376,1417521662,577992559,53,133,132,476,20451000,0
376,1417521662,578992546,51,133,134,1497,20219000,0
377,1417521662,578992546,54,133,132,1638,20179000,0
377,1417521662,578992546,57,133,132,476,20355000,4
377,1417521662,578992546,52,133,134,1294,20672000,6
377,1417521662,578992546,56,133,134,1294,18790000,0
377,1417521662,578992546,50,133,132,1638,20587000,0
378,1417521662,578992546,53,133,132,476,20329000,0
378,1417521662,598992289,55,133,134,1497,19950000,0
378,1417521662,598992289,54,133,134,1658,20241000,0
378,1417521662,598992289,57,133,132,476,20171000,0
378,1417521662,598992289,51,133,134,1497,20089000,0
379,1417521662,598992289,56,133,134,1311,20466000,1
379,1417521662,598992289,52,133,134,1294,20242000,0
379,1417521662,598992289,50,133,134,1658,20463000,2
379,1417521662,598992289,53,133,132,476,20429000,0
379,1417521662,618992031,51,133,134,1497,20201000,0
380,1417521662,618992031,56,133,134,1311,20527000,7
380,1417521662,618992031,55,133,134,1497,20406000,0
380,1417521662,619992018,50,133,134,1658,20420000,0
380,1417521662,619992018,57,133,132,476,20546000,0
380,1417521662,619992018,52,133,134,1294,19516000,0
381,1417521662,619992018,54,133,134,1658,20549000,0
381,1417521662,619992018,51,133,134,1497,20072000,0
381,1417521662,639991761,53,133,132,476,20390000,0
381,1417521662,639991761,55,133,134,1497,20904000,6
381,1417521662,639991761,56,133,134,1311,20268000,0
382,1417521662,639991761,57,133,132,476,20442000,2
382,1417521662,639991761,54,133,134,1658,20416000,0
382,1417521662,639991761,52,133,134,1311,19676000,0
382,1417521662,639991761,50,133,134,1658,19764000,0
382,1417521662,639991761,51,133,132,1485,20046000,0
383,1417521662,659991503,53,133,132,476,20381000,0
383,1417521662,659991503,56,133,134,1311,20212000,0
383,1417521662,659991503,57,133,132,476,20451000,4
383,1417521662,659991503,55,133,132,1485,20227000,0
383,1417521662,660991490,54,133,136,1694,20208000,0
384,1417521662,660991490,52,133,134,1311,20441000,2
384,1417521662,660991490,50,133,136,1694,19901000,0
384,1417521662,660991490,51,133,132,1485,20372000,0
384,1417521662,680991233,53,133,132,476,20137000,0
384,1417521662,680991233,55,133,132,1485,20205000,0
385,1417521662,680991233,54,133,135,1694,20249000,0
385,1417521662,680991233,57,133,132,476,20800000,1
385,1417521662,680991233,56,133,135,1339,20428000,0
385,1417521662,680991233,50,133,135,1694,20503000,5
385,1417521662,680991233,52,133,134,1311,20882000,4
386,1417521662,680991233,57,133,132,476,20673000,1
386,1417521662,700990975,55,133,132,1485,20218000,0
386,1417521662,700990975,54,133,134,1694,20105000,0
386,1417521662,700990975,53,133,132,476,20376000,0
386,1417521662,700990975,51,133,132,1485,20324000,0
387,1417521662,700990975,56,133,134,1339,20466000,1
387,1417521662,700990975,52,133,134,1311,20301000,0
387,1417521662,701990963,50,133,134,1694,20490000,1
387,1417521662,701990963,54,133,134,1694,20086000,0
387,1417521662,720990718,57,133,132,476,20745000,1
388,1417521662,720990718,55,133,134,1511,19939000,0
388,1417521662,721990705,56,133,134,1339,20767000,3
388,1417521662,721990705,53,133,132,476,20595000,0
388,1417521662,721990705,50,133,134,1694,21115000,3
388,1417521662,721990705,51,133,134,1511,20537000,0
389,1417521662,721990705,52,133,135,1339,17570000,0
