Simulation time,DDS time seconds,DDS time nanoseconds,Turbine Id,Setpoint,Current production,Max production,MS since last write,Cache count
0,1421406761,605992199,35,40,39,1028,51995000,14
0,1421406761,662991465,12,40,40,1833,51184000,0
0,1421406761,662991465,49,40,39,648,51150000,15
1,1421406761,662991465,19,40,40,1026,51260000,0
1,1421406761,662991465,10,40,39,863,51276000,0
1,1421406761,662991465,41,40,38,585,53322000,14
1,1421406761,662991465,40,40,40,1777,55098000,22
1,1421406761,662991465,36,40,41,1779,52856001,10
2,1421406761,663991452,39,40,39,1028,54427001,22
2,1421406761,663991452,18,40,39,863,54440000,0
2,1421406761,663991452,48,40,40,1777,34094001,0
2,1421406761,663991452,33,40,39,648,50378001,0
2,1421406761,678991259,26,40,39,965,50296001,0
3,1421406761,678991259,28,40,41,1812,50101000,0
3,1421406761,694991053,42,40,39,918,50202001,0
3,1421406761,694991053,37,40,39,648,49211001,0
3,1421406761,694991053,20,40,39,1815,49183000,0
3,1421406761,694991053,43,40,39,1012,50411001,2
4,1421406761,695991040,24,40,40,1820,49599000,0
4,1421406761,695991040,3,40,40,1026,49614000,0
4,1421406761,695991040,22,40,39,867,49810000,0
4,1421406761,695991040,1,40,39,542,49567000,0
4,1421406761,695991040,13,40,38,514,50644000,1
5,1421406761,695991040,14,40,39,867,49109000,0
5,1421406761,695991040,15,40,40,1026,50212000,0
5,1421406761,695991040,23,40,40,1026,50301000,0
5,1421406761,696991027,17,40,39,542,51574000,1
5,1421406761,696991027,38,40,39,965,50096001,0
6,1421406761,696991027,32,40,40,1777,49536001,0
6,1421406761,696991027,31,40,39,1028,50519001,3
6,1421406761,696991027,50,40,39,965,50532001,3
6,1421406761,696991027,30,40,38,951,50267001,0
6,1421406761,696991027,44,40,40,1795,50340001,0
7,1421406761,696991027,29,40,39,648,48922001,0
7,1421406761,696991027,27,40,39,1022,31195001,0
7,1421406761,698991001,47,40,39,1012,36025001,0
7,1421406761,704990924,34,40,38,936,39223001,0
7,1421406761,704990924,45,40,39,648,50648001,2
8,1421406761,704990924,5,40,39,542,48157000,0
8,1421406761,704990924,21,40,39,542,44273000,0
8,1421406761,704990924,2,40,39,851,44888000,0
8,1421406761,705990911,7,40,39,1026,48544000,0
8,1421406761,705990911,16,40,40,1820,44453000,0
9,1421406761,705990911,4,40,40,1820,48129000,0
9,1421406761,705990911,9,40,39,514,42812000,0
9,1421406761,705990911,25,40,39,542,48874000,0
9,1421406761,705990911,11,40,40,1026,48994000,0
9,1421406761,705990911,35,40,39,1028,39123001,0
10,1421406761,706990898,46,40,39,951,39560001,0
10,1421406761,706990898,6,40,39,857,50618000,4
10,1421406761,706990898,12,40,40,1833,46316000,0
10,1421406761,706990898,49,40,39,648,40601001,0
10,1421406761,706990898,19,40,40,1026,45574001,0
11,1421406761,706990898,10,40,39,857,48104000,0
11,1421406761,706990898,8,40,40,1833,47592000,0
11,1421406761,706990898,41,40,39,585,41451001,0
11,1421406761,707990885,36,40,40,1777,52968001,1
11,1421406761,708990872,40,40,40,1777,40706001,0
12,1421406761,708990872,39,40,39,1028,42656001,0
12,1421406761,708990872,18,40,39,863,47055001,0
12,1421406761,709990860,48,40,40,1777,50495001,1
12,1421406761,712990821,33,40,39,648,50395001,0
12,1421406761,728990615,26,40,38,951,50503001,0
13,1421406761,728990615,28,40,41,1812,50201001,0
13,1421406761,744990409,42,40,39,918,50308001,0
13,1421406761,745990396,43,40,40,1022,50584001,3
13,1421406761,745990396,37,40,39,648,50560001,3
13,1421406761,745990396,3,40,40,1026,50746000,3
14,1421406761,745990396,1,40,39,542,50813001,4
14,1421406761,745990396,13,40,39,514,50155000,0
14,1421406761,745990396,22,40,39,863,50635000,1
14,1421406761,745990396,14,40,39,863,50812001,5
14,1421406761,745990396,20,40,39,1815,50928000,1
15,1421406761,746990383,15,40,40,1026,51069001,3
15,1421406761,746990383,17,40,39,542,51448000,1
15,1421406761,746990383,23,40,40,1026,51365000,13
15,1421406761,746990383,24,40,40,1820,51456001,3
15,1421406761,746990383,32,40,40,1777,49581001,0
16,1421406761,746990383,38,40,38,951,50065001,0
16,1421406761,746990383,30,40,39,951,50283001,0
16,1421406761,746990383,44,40,40,1795,50607001,5
16,1421406761,746990383,31,40,39,1028,52002001,6
16,1421406761,746990383,50,40,39,965,50889001,1
17,1421406761,746990383,29,40,39,648,48886001,0
17,1421406761,746990383,27,40,39,1022,50539001,1
17,1421406761,749990345,45,40,33,585,50195001,0
17,1421406761,754990280,34,40,39,936,50542001,2
17,1421406761,754990280,47,40,39,1012,50074001,0
18,1421406761,754990280,5,40,39,542,50354001,0
18,1421406761,754990280,21,40,39,542,50668000,1
18,1421406761,755990267,2,40,39,851,50916001,3
18,1421406761,755990267,16,40,39,1815,48893001,0
18,1421406761,755990267,7,40,39,1026,49937000,0
19,1421406761,755990267,9,40,39,514,51179001,6
19,1421406761,755990267,4,40,40,1820,50157001,0
19,1421406761,755990267,25,40,39,542,51070001,11
19,1421406761,755990267,35,40,39,1028,52084001,10
19,1421406761,755990267,11,40,40,1026,51104001,9
20,1421406761,756990254,6,40,39,857,49999000,0
20,1421406761,756990254,12,40,40,1833,50001000,0
20,1421406761,756990254,46,40,39,951,52532001,13
20,1421406761,756990254,49,40,39,648,49604001,0
20,1421406761,756990254,19,40,40,1026,50036001,0
21,1421406761,756990254,10,40,39,857,49939001,0
21,1421406761,756990254,8,40,40,1833,49783001,0
21,1421406761,757990242,41,40,39,585,50442001,7
21,1421406761,758990229,40,40,39,1773,50307001,0
21,1421406761,758990229,36,40,40,1777,49942001,0
22,1421406761,758990229,39,40,39,1028,50241001,0
22,1421406761,760990203,18,40,39,863,50437001,1
22,1421406761,760990203,48,40,40,1777,50450001,0
22,1421406761,762990177,33,40,39,648,50275001,0
22,1421406761,779989958,26,40,39,951,32979001,0
23,1421406761,779989958,42,40,39,918,50289001,0
23,1421406761,795989752,28,40,41,1812,49981001,0
23,1421406761,795989752,43,40,40,1022,50053001,0
23,1421406761,795989752,37,40,33,585,49184001,0
23,1421406761,795989752,1,40,39,542,49663001,0
24,1421406761,795989752,13,40,39,514,49367001,0
24,1421406761,795989752,14,40,39,863,49668001,0
24,1421406761,796989740,22,40,39,863,47979001,0
24,1421406761,796989740,3,40,40,1026,49324001,0
24,1421406761,796989740,20,40,39,1815,50029001,0
25,1421406761,796989740,23,40,40,1026,48279001,0
25,1421406761,796989740,17,40,39,542,49854001,0
25,1421406761,796989740,24,40,39,1815,50447001,0
25,1421406761,796989740,15,40,41,1037,50092001,0
25,1421406761,796989740,32,40,40,1777,49874001,0
26,1421406761,796989740,38,40,39,951,49286001,0
26,1421406761,796989740,30,40,39,951,49755001,0
26,1421406761,797989727,44,40,41,1812,52105001,4
26,1421406761,797989727,31,40,39,1022,49306001,0
26,1421406761,797989727,50,40,38,951,50582001,0
27,1421406761,797989727,29,40,39,648,50948001,4
27,1421406761,797989727,27,40,39,1022,40306001,0
27,1421406761,799989701,34,40,39,936,50259001,0
27,1421406761,805989624,47,40,40,1022,50391001,0
27,1421406761,805989624,45,40,34,585,45731001,0
28,1421406761,805989624,7,40,39,1026,49816001,0
28,1421406761,805989624,16,40,39,1815,50840001,1
28,1421406761,805989624,2,40,38,839,49441001,0
28,1421406761,805989624,4,40,39,1815,49748001,0
28,1421406761,805989624,9,40,39,514,50246001,0
29,1421406761,805989624,25,40,39,542,49833001,0
29,1421406761,805989624,21,40,39,542,49968001,0
29,1421406761,805989624,5,40,39,542,50012001,0
29,1421406761,805989624,11,40,40,1026,50032001,0
29,1421406761,806989611,35,40,39,1022,50204001,0
30,1421406761,806989611,6,40,39,857,50282001,0
30,1421406761,806989611,12,40,39,1822,50325001,0
30,1421406761,806989611,46,40,38,936,50248001,0
30,1421406761,806989611,49,40,39,648,50141001,0
30,1421406761,807989598,19,40,41,1037,50207001,0
31,1421406761,807989598,10,40,39,857,50308001,1
31,1421406761,807989598,8,40,40,1833,49642001,0
31,1421406761,807989598,41,40,39,585,49843001,0
31,1421406761,808989585,40,40,39,1773,49219001,0
31,1421406761,808989585,36,40,40,1777,49492001,0
32,1421406761,808989585,39,40,39,1022,50264001,0
32,1421406761,810989559,18,40,39,857,50555001,1
32,1421406761,810989559,48,40,39,1773,50253001,0
32,1421406761,813989521,26,40,39,951,50441001,2
32,1421406761,829989315,33,40,39,648,50234001,0
33,1421406761,829989315,43,40,40,1022,50093001,0
33,1421406761,845989109,37,40,34,585,50085001,0
33,1421406761,845989109,42,40,39,918,50030001,0
33,1421406761,846989096,28,40,41,1812,50212001,0
33,1421406761,846989096,1,40,39,542,49366001,0
34,1421406761,846989096,13,40,39,514,49680001,0
34,1421406761,846989096,14,40,39,863,49917001,0
34,1421406761,846989096,3,40,41,1037,49838001,0
34,1421406761,846989096,22,40,39,863,49476001,0
34,1421406761,846989096,20,40,40,1833,50249001,0
35,1421406761,846989096,23,40,41,1037,50242001,0
35,1421406761,846989096,15,40,41,1037,49861001,0
35,1421406761,847989083,32,40,39,1773,50641001,4
35,1421406761,847989083,38,40,39,951,50399001,1
35,1421406761,847989083,24,40,39,1815,50762001,0
36,1421406761,847989083,17,40,39,542,51457001,10
36,1421406761,847989083,30,40,39,951,50500001,1
36,1421406761,847989083,44,40,41,1812,49442001,0
36,1421406761,847989083,31,40,39,1022,50498001,2
36,1421406761,847989083,29,40,33,585,52197001,13
37,1421406761,847989083,50,40,39,951,50221001,0
37,1421406761,847989083,27,40,39,1013,50530001,1
37,1421406761,850989044,45,40,35,585,50264001,0
37,1421406761,855988980,34,40,38,921,50259001,0
37,1421406761,855988980,47,40,40,1022,50162001,0
38,1421406761,855988980,2,40,39,839,49892001,0
38,1421406761,855988980,7,40,39,1023,50766001,3
38,1421406761,855988980,16,40,39,1815,49393001,0
38,1421406761,855988980,25,40,39,542,49885001,0
38,1421406761,855988980,9,40,39,514,50250001,0
39,1421406761,856988967,21,40,39,542,50457001,4
39,1421406761,862988890,4,40,39,1815,50840001,3
39,1421406761,862988890,11,40,41,1037,51703001,10
39,1421406761,862988890,5,40,39,542,50430001,0
39,1421406761,862988890,35,40,39,1022,51015001,1
40,1421406761,862988890,6,40,39,856,50250001,0
40,1421406761,862988890,12,40,39,1822,50298001,0
40,1421406761,862988890,19,40,41,1037,50363001,1
40,1421406761,863988877,49,40,39,648,49469001,0
40,1421406761,863988877,46,40,39,936,50268001,0
41,1421406761,863988877,10,40,39,856,50183001,0
41,1421406761,863988877,8,40,39,1822,49495001,0
41,1421406761,863988877,41,40,39,585,49110001,0
41,1421406761,863988877,36,40,39,1773,50263001,0
41,1421406761,863988877,40,40,39,1773,49832001,0
42,1421406761,863988877,39,40,39,1022,50044001,0
42,1421406761,863988877,18,40,39,857,50561001,0
42,1421406761,864988864,48,40,39,1773,50294001,0
42,1421406761,864988864,33,40,39,648,33649001,0
42,1421406761,879988671,26,40,39,951,50153001,0
43,1421406761,879988671,28,40,39,1797,50032001,0
43,1421406761,895988465,37,40,35,585,50042001,0
43,1421406761,895988465,42,40,39,919,50603001,4
43,1421406761,895988465,43,40,39,1020,50353001,0
43,1421406761,895988465,20,40,40,1833,49101001,0
44,1421406761,896988452,3,40,41,1037,49948001,0
44,1421406761,896988452,22,40,39,857,49768001,0
44,1421406761,896988452,23,40,41,1037,50021001,0
44,1421406761,896988452,13,40,39,514,50300001,0
44,1421406761,896988452,1,40,39,542,49448001,0
45,1421406761,896988452,15,40,41,1037,50522001,14
45,1421406761,896988452,32,40,39,1773,50077001,0
45,1421406761,896988452,14,40,39,857,50569001,0
45,1421406761,896988452,38,40,39,951,50729001,2
45,1421406761,896988452,17,40,39,542,49949001,0
46,1421406761,896988452,24,40,39,1815,51649001,1
46,1421406761,896988452,44,40,41,1812,50461001,1
46,1421406761,897988439,30,40,38,936,51512001,1
46,1421406761,897988439,50,40,39,951,50299001,1
46,1421406761,897988439,31,40,39,1022,51374001,2
47,1421406761,897988439,29,40,34,585,50548001,0
47,1421406761,897988439,27,40,39,1013,50344001,0
47,1421406761,900988401,47,40,40,1022,50315001,0
47,1421406761,905988336,45,40,36,585,50116001,0
47,1421406761,905988336,34,40,39,921,50414001,0
48,1421406761,905988336,16,40,40,1833,49916001,0
48,1421406761,905988336,7,40,39,1023,50240001,0
48,1421406761,905988336,2,40,39,839,50641001,1
48,1421406761,905988336,25,40,39,542,49723001,0
48,1421406761,905988336,21,40,39,542,50097001,0
49,1421406761,905988336,9,40,39,514,50221001,0
49,1421406761,905988336,4,40,39,1815,51090001,2
49,1421406761,906988323,11,40,41,1037,49841001,0
49,1421406761,906988323,5,40,39,542,50095001,0
49,1421406761,906988323,35,40,39,1022,50371001,0
50,1421406761,906988323,6,40,39,856,50191001,0
50,1421406761,906988323,12,40,39,1822,49637001,0
50,1421406761,907988310,19,40,41,1037,49952001,0
50,1421406761,907988310,49,40,33,585,50235001,0
50,1421406761,907988310,10,40,39,856,50342001,2
51,1421406761,907988310,46,40,39,936,50208001,0
51,1421406761,907988310,8,40,39,1822,49285001,0
51,1421406761,907988310,41,40,39,585,50479001,1
51,1421406761,908988298,40,40,39,1773,50190001,0
51,1421406761,908988298,36,40,39,1773,50140001,0
52,1421406761,908988298,39,40,39,1022,49866001,0
52,1421406761,910988272,18,40,39,857,50239001,0
52,1421406761,910988272,48,40,39,1773,34232001,0
52,1421406761,913988233,33,40,33,585,33744001,0
52,1421406761,929988027,26,40,38,936,50368001,0
53,1421406761,929988027,37,40,36,585,49955001,0
53,1421406761,945987821,43,40,39,1020,50276001,0
53,1421406761,946987808,28,40,39,1797,50141001,0
53,1421406761,946987808,42,40,39,919,50373001,0
53,1421406761,946987808,13,40,39,514,49458001,0
54,1421406761,946987808,23,40,41,1037,48945001,0
54,1421406761,946987808,1,40,39,542,50248001,0
54,1421406761,946987808,22,40,39,857,49708001,0
54,1421406761,946987808,20,40,40,1833,50206001,0
54,1421406761,946987808,3,40,41,1037,49774001,0
55,1421406761,946987808,15,40,41,1037,50290001,0
55,1421406761,947987795,38,40,38,936,51374001,12
55,1421406761,947987795,17,40,39,542,50607001,13
55,1421406761,947987795,32,40,39,1773,51009001,1
55,1421406761,947987795,24,40,40,1833,50099001,0
56,1421406761,947987795,14,40,39,857,50510001,0
56,1421406761,947987795,44,40,41,1812,50536001,2
56,1421406761,947987795,30,40,39,936,51866001,15
56,1421406761,947987795,50,40,39,951,50668001,2
56,1421406761,947987795,31,40,39,1013,50666001,0
57,1421406761,948987783,29,40,35,585,50106001,0
57,1421406761,948987783,27,40,39,1013,50369001,0
57,1421406761,950987757,34,40,39,921,50201001,0
57,1421406761,955987692,45,40,37,585,50127001,0
57,1421406761,955987692,47,40,39,1020,50294001,0
58,1421406761,955987692,7,40,39,1023,49484001,0
58,1421406761,955987692,2,40,38,826,50630001,2
58,1421406761,955987692,16,40,40,1833,49333001,0
58,1421406761,956987680,21,40,39,542,49521001,0
58,1421406761,956987680,25,40,39,542,50865001,1
59,1421406761,956987680,9,40,39,514,50961001,9
59,1421406761,956987680,11,40,41,1037,50486001,8
59,1421406761,956987680,5,40,39,542,50031001,0
59,1421406761,956987680,4,40,40,1833,50551001,0
59,1421406761,956987680,35,40,39,1013,50767001,5
60,1421406761,956987680,12,40,39,1822,50023001,0
60,1421406761,957987667,6,40,39,856,50072001,0
60,1421406761,957987667,19,40,41,1037,50066001,0
60,1421406761,957987667,49,40,34,585,49690001,0
60,1421406761,957987667,10,40,39,856,50074001,0
61,1421406761,957987667,8,40,39,1822,50399001,2
61,1421406761,957987667,46,40,38,921,50430001,1
61,1421406761,957987667,41,40,39,585,49723001,0
61,1421406761,959987641,36,40,39,1773,50231001,0
61,1421406761,959987641,40,40,39,1780,50163001,0
62,1421406761,959987641,39,40,39,1013,49805001,0
62,1421406761,959987641,18,40,39,856,50651001,1
62,1421406761,960987628,48,40,39,1773,50554001,1
62,1421406761,963987589,26,40,39,936,50395001,0
62,1421406761,980987371,33,40,34,585,50758001,2
63,1421406761,980987371,43,40,39,1020,50405001,0
63,1421406761,996987165,37,40,37,585,50077001,0
63,1421406761,997987152,42,40,39,919,50507001,0
63,1421406761,997987152,28,40,39,1797,50016001,0
63,1421406761,997987152,13,40,39,514,48996001,0
64,1421406761,997987152,20,40,39,1822,50265001,0
64,1421406761,997987152,23,40,41,1037,50976001,1
64,1421406761,997987152,3,40,41,1037,49112001,0
64,1421406761,997987152,22,40,39,857,49466001,0
64,1421406761,997987152,1,40,39,542,50544001,0
65,1421406761,997987152,38,40,39,936,48294001,0
65,1421406761,997987152,17,40,39,542,50108001,0
65,1421406761,997987152,15,40,41,1038,50298001,0
65,1421406761,997987152,32,40,39,1773,50789001,8
65,1421406761,997987152,24,40,40,1833,50669001,12
66,1421406761,998987139,14,40,39,857,51488001,12
66,1421406761,998987139,44,40,39,1797,50894001,10
66,1421406761,998987139,50,40,38,936,51178001,13
66,1421406761,998987139,30,40,39,936,49339001,0
66,1421406761,998987139,31,40,39,1013,51679001,13
67,1421406761,998987139,29,40,36,585,49886001,0
67,1421406761,998987139,27,40,39,1012,50602001,0
67,1421406762,1999975,34,40,39,918,50292001,0
67,1421406762,6999910,45,40,38,585,50141001,0
67,1421406762,6999910,47,40,39,1020,50260001,0
68,1421406762,6999910,2,40,39,826,50454001,0
68,1421406762,6999910,7,40,39,1023,50091001,0
68,1421406762,6999910,21,40,39,542,50593001,8
68,1421406762,7999898,11,40,41,1037,50400001,2
68,1421406762,7999898,25,40,39,542,50421001,0
69,1421406762,7999898,9,40,39,514,50205001,0
69,1421406762,7999898,4,40,40,1833,50171001,0
69,1421406762,7999898,16,40,40,1833,51297001,3
69,1421406762,7999898,5,40,39,542,50477001,10
69,1421406762,7999898,35,40,39,1013,51417001,2
70,1421406762,7999898,6,40,39,856,51310001,13
70,1421406762,7999898,12,40,38,1805,50733001,6
70,1421406762,8999885,10,40,39,856,50312001,0
70,1421406762,8999885,8,40,39,1822,50431001,2
70,1421406762,8999885,49,40,35,585,52669001,13
71,1421406762,8999885,19,40,41,1038,51833001,9
71,1421406762,8999885,46,40,39,921,50637001,0
71,1421406762,8999885,41,40,39,585,50392001,1
71,1421406762,8999885,36,40,39,1773,50502001,1
71,1421406762,10999859,40,40,39,1780,50797001,1
72,1421406762,10999859,39,40,39,1013,50505001,1
72,1421406762,10999859,18,40,39,856,50391001,0
72,1421406762,12999833,48,40,39,1780,34373001,0
72,1421406762,14999807,33,40,35,585,50252001,0
72,1421406762,30999601,26,40,39,936,50181001,0
73,1421406762,30999601,37,40,38,585,50087001,0
73,1421406762,47999383,43,40,39,1017,50383002,0
73,1421406762,47999383,28,40,40,1807,50184001,0
73,1421406762,47999383,42,40,39,916,50023002,0
73,1421406762,47999383,20,40,39,1822,49840001,0
74,1421406762,47999383,22,40,39,856,49594001,0
74,1421406762,47999383,23,40,41,1038,49037001,0
74,1421406762,47999383,1,40,39,542,49510001,0
74,1421406762,47999383,17,40,39,542,49917001,0
74,1421406762,47999383,38,40,39,936,49113001,0
75,1421406762,48999370,15,40,41,1038,49934001,0
75,1421406762,48999370,3,40,41,1038,50309001,0
75,1421406762,48999370,32,40,39,1780,49340001,0
75,1421406762,48999370,13,40,39,514,49287001,0
75,1421406762,48999370,24,40,40,1833,50201001,0
76,1421406762,48999370,44,40,39,1797,48233002,0
76,1421406762,48999370,14,40,39,856,49626001,0
76,1421406762,48999370,50,40,39,936,48957001,0
76,1421406762,48999370,30,40,38,921,49386002,0
76,1421406762,48999370,31,40,39,1013,48864002,0
77,1421406762,48999370,29,40,37,585,51268002,8
77,1421406762,49999357,27,40,39,1012,45404001,0
77,1421406762,51999331,47,40,39,1020,50172002,0
77,1421406762,56999267,45,40,39,585,50233002,0
77,1421406762,56999267,34,40,39,918,50160002,0
78,1421406762,57999254,7,40,39,1021,49851001,0
78,1421406762,57999254,2,40,39,826,50304001,0
78,1421406762,57999254,21,40,39,542,49783001,0
78,1421406762,57999254,11,40,41,1038,49907001,0
78,1421406762,57999254,4,40,40,1833,50894001,11
79,1421406762,57999254,25,40,39,542,49785001,0
79,1421406762,57999254,16,40,39,1822,49977001,0
79,1421406762,57999254,9,40,39,514,50085001,0
79,1421406762,57999254,5,40,39,542,50408001,0
79,1421406762,57999254,6,40,39,851,50214001,0
80,1421406762,58999241,35,40,39,1013,48031002,0
80,1421406762,58999241,12,40,39,1805,49958001,0
80,1421406762,58999241,10,40,39,851,50600001,1
80,1421406762,58999241,8,40,38,1805,50740001,1
80,1421406762,58999241,49,40,36,585,48105002,0
81,1421406762,58999241,19,40,41,1038,50206001,0
81,1421406762,58999241,46,40,39,921,50882001,2
81,1421406762,58999241,41,40,35,542,49877001,0
81,1421406762,60999215,36,40,39,1780,50066001,0
81,1421406762,60999215,40,40,39,1780,49984001,0
82,1421406762,60999215,39,40,39,1013,50355002,0
82,1421406762,62999189,18,40,39,856,50761001,1
82,1421406762,62999189,48,40,39,1780,34323002,0
82,1421406762,65999151,33,40,36,585,33848002,0
82,1421406762,81998945,26,40,38,921,50337002,0
83,1421406762,81998945,28,40,40,1807,50309002,0
83,1421406762,97998739,43,40,39,1017,50235002,0
83,1421406762,97998739,42,40,39,916,50120002,0
83,1421406762,98998726,37,40,39,585,50167002,0
83,1421406762,98998726,22,40,39,856,49205001,0
84,1421406762,98998726,1,40,39,542,49849001,0
84,1421406762,98998726,23,40,41,1038,49434001,0
84,1421406762,98998726,17,40,39,542,49404001,0
84,1421406762,98998726,15,40,41,1038,49326001,0
84,1421406762,98998726,38,40,38,921,50057002,0
85,1421406762,99998713,20,40,39,1822,50873001,1
85,1421406762,99998713,13,40,39,514,50027001,0
85,1421406762,99998713,32,40,39,1780,50511002,2
85,1421406762,99998713,3,40,41,1038,51120001,1
85,1421406762,99998713,24,40,39,1822,50548001,9
86,1421406762,99998713,44,40,39,1797,49398001,0
86,1421406762,99998713,14,40,39,856,49634001,0
86,1421406762,99998713,50,40,39,936,50359002,1
86,1421406762,99998713,30,40,39,921,50373002,2
86,1421406762,99998713,31,40,39,1012,50988001,11
87,1421406762,100998700,29,40,38,585,50550002,8
87,1421406762,100998700,27,40,39,1012,50578001,1
87,1421406762,102998674,34,40,39,918,50374002,0
87,1421406762,107998610,45,40,39,585,50207002,0
87,1421406762,107998610,47,40,39,1017,50269002,0
88,1421406762,107998610,21,40,39,542,49679001,0
88,1421406762,107998610,7,40,39,1021,49748001,0
88,1421406762,107998610,11,40,41,1038,49687001,0
88,1421406762,107998610,4,40,39,1822,50109001,0
88,1421406762,107998610,16,40,39,1822,48865001,0
89,1421406762,107998610,25,40,39,542,50151001,0
89,1421406762,108998597,9,40,39,514,50692001,1
89,1421406762,108998597,2,40,39,826,50356001,0
89,1421406762,108998597,5,40,37,514,49821001,0
89,1421406762,108998597,6,40,39,851,50001001,0
90,1421406762,108998597,35,40,39,1012,50767002,5
90,1421406762,108998597,12,40,39,1805,50525001,2
90,1421406762,108998597,10,40,39,851,50506002,2
90,1421406762,108998597,8,40,39,1805,50287001,1
90,1421406762,108998597,49,40,37,585,50046002,0
91,1421406762,108998597,19,40,41,1038,50179001,0
91,1421406762,109998584,46,40,39,918,50160002,0
91,1421406762,109998584,41,40,36,542,50503002,1
91,1421406762,110998571,40,40,40,1795,49969002,0
91,1421406762,110998571,36,40,39,1780,50439002,1
92,1421406762,110998571,39,40,39,1012,50374002,0
92,1421406762,112998546,18,40,39,856,47659002,0
92,1421406762,112998546,48,40,39,1780,34512002,0
92,1421406762,115998507,26,40,39,921,50183002,0
92,1421406762,131998301,33,40,37,585,50471002,2
93,1421406762,131998301,28,40,40,1807,50245002,0
93,1421406762,148998082,43,40,39,1017,50220002,0
93,1421406762,148998082,42,40,39,916,50089002,0
93,1421406762,148998082,37,40,39,585,50329002,0
93,1421406762,148998082,1,40,37,514,50761001,1
94,1421406762,148998082,20,40,39,1822,49808001,0
94,1421406762,148998082,22,40,39,856,49516001,0
94,1421406762,148998082,15,40,39,1026,49173002,0
94,1421406762,148998082,38,40,39,921,49743002,0
94,1421406762,149998069,13,40,39,514,49430001,0
95,1421406762,149998069,3,40,41,1038,49806002,0
95,1421406762,149998069,23,40,41,1038,50170002,0
95,1421406762,149998069,44,40,40,1807,50218002,0
95,1421406762,149998069,24,40,39,1822,51169001,4
95,1421406762,149998069,32,40,39,1780,50407002,0
96,1421406762,149998069,14,40,39,856,49896002,0
96,1421406762,149998069,50,40,38,921,50685002,13
96,1421406762,149998069,31,40,39,1012,49661002,0
96,1421406762,149998069,30,40,39,921,50872002,1
96,1421406762,150998056,29,40,39,585,49586002,0
97,1421406762,150998056,17,40,37,514,52263001,1
97,1421406762,150998056,27,40,39,1012,45376002,0
97,1421406762,152998031,34,40,39,918,50331002,0
97,1421406762,157997966,47,40,39,1017,50194002,0
97,1421406762,157997966,45,40,39,585,50141002,0
98,1421406762,157997966,11,40,41,1038,50777002,1
98,1421406762,157997966,7,40,39,1021,49499002,0
98,1421406762,157997966,4,40,39,1822,49100001,0
98,1421406762,157997966,9,40,39,514,49967001,0
98,1421406762,158997953,25,40,37,514,50913002,1
99,1421406762,158997953,2,40,39,822,50148001,0
99,1421406762,158997953,5,40,38,514,49728001,0
99,1421406762,158997953,6,40,39,851,50575001,4
99,1421406762,158997953,16,40,39,1822,51580002,1
99,1421406762,158997953,12,40,39,1806,49696002,0
100,1421406762,158997953,35,40,39,1012,50240002,0
100,1421406762,158997953,10,40,39,851,50161002,0
100,1421406762,158997953,8,40,39,1805,50020002,0
100,1421406762,158997953,49,40,38,585,50088002,0
100,1421406762,159997941,19,40,39,1026,51522002,10
101,1421406762,159997941,21,40,37,514,50977002,0
101,1421406762,159997941,46,40,39,918,50138002,0
101,1421406762,159997941,40,40,40,1795,50403002,2
101,1421406762,159997941,36,40,39,1780,50103002,0
101,1421406762,159997941,41,40,37,542,50282002,0
102,1421406762,159997941,39,40,39,1012,49494002,0
102,1421406762,162997902,18,40,39,851,50463001,1
102,1421406762,163997889,48,40,40,1795,50565002,1
102,1421406762,165997863,26,40,39,921,50245002,0
102,1421406762,181997657,33,40,38,585,50223002,0
103,1421406762,181997657,28,40,40,1809,50259002,0
103,1421406762,198997438,42,40,39,908,50157002,0
103,1421406762,198997438,43,40,39,1017,50173002,0
103,1421406762,198997438,37,40,39,585,50623002,3
103,1421406762,198997438,20,40,38,1805,49893002,0
104,1421406762,198997438,13,40,39,514,49873002,0
104,1421406762,198997438,22,40,39,856,50784002,4
104,1421406762,198997438,15,40,39,1026,49517002,0
104,1421406762,198997438,3,40,39,1026,49879002,0
104,1421406762,198997438,23,40,39,1026,49827002,0
105,1421406762,199997426,44,40,40,1807,50703002,11
105,1421406762,199997426,1,40,38,514,49566002,0
105,1421406762,199997426,38,40,39,921,50734002,1
105,1421406762,199997426,14,40,39,856,50875002,13
105,1421406762,199997426,50,40,39,921,49251002,0
106,1421406762,199997426,32,40,40,1795,49227002,0
106,1421406762,199997426,24,40,39,1822,50479002,0
106,1421406762,199997426,31,40,39,1012,50148002,0
106,1421406762,199997426,29,40,39,585,50751002,2
106,1421406762,199997426,30,40,39,918,50965002,1
107,1421406762,200997413,17,40,38,514,52111002,1
107,1421406762,200997413,27,40,40,1022,50612002,1
107,1421406762,202997387,47,40,39,1017,50295002,0
107,1421406762,207997323,45,40,39,585,50088002,0
107,1421406762,207997323,34,40,39,919,50136002,0
108,1421406762,207997323,7,40,39,1023,49969002,0
108,1421406762,207997323,4,40,39,1822,49983002,0
108,1421406762,207997323,11,40,39,1026,48976002,0
108,1421406762,207997323,25,40,38,514,48944002,0
108,1421406762,208997310,2,40,39,822,50884002,10
109,1421406762,208997310,5,40,39,514,49505002,0
109,1421406762,208997310,16,40,39,1822,50103002,0
109,1421406762,208997310,9,40,39,514,50440002,0
109,1421406762,208997310,12,40,39,1806,50800002,3
109,1421406762,208997310,6,40,38,839,50665002,7
110,1421406762,208997310,10,40,38,839,50926002,5
110,1421406762,208997310,35,40,39,1012,50693002,10
110,1421406762,208997310,8,40,39,1806,51031002,4
110,1421406762,208997310,49,40,39,585,51454002,12
110,1421406762,209997297,19,40,39,1026,50916002,1
111,1421406762,209997297,21,40,38,514,50488002,0
111,1421406762,209997297,46,40,39,918,51614002,2
111,1421406762,209997297,36,40,40,1795,50124002,0
111,1421406762,209997297,41,40,38,542,50322002,0
111,1421406762,209997297,40,40,40,1795,50073002,0
112,1421406762,210997284,39,40,39,1012,50606002,1
112,1421406762,212997258,18,40,39,851,50467002,0
112,1421406762,213997245,48,40,40,1795,34443002,0
112,1421406762,215997220,33,40,39,585,33550002,0
112,1421406762,232997001,26,40,39,918,50516002,0
113,1421406762,232997001,28,40,40,1809,50229002,0
113,1421406762,248996795,43,40,39,1013,50508002,2
113,1421406762,248996795,42,40,39,908,50183002,0
113,1421406762,249996782,37,40,39,585,50366002,0
113,1421406762,249996782,20,40,39,1805,49927002,0
114,1421406762,249996782,13,40,39,514,50229002,0
114,1421406762,249996782,22,40,39,851,48950002,0
114,1421406762,249996782,44,40,40,1807,49206002,0
114,1421406762,249996782,23,40,39,1026,48998002,0
114,1421406762,249996782,3,40,39,1026,50312002,0
115,1421406762,249996782,1,40,39,514,49849002,0
115,1421406762,249996782,14,40,39,851,50078002,0
115,1421406762,250996769,50,40,39,921,50873002,6
115,1421406762,250996769,38,40,39,918,50825002,1
115,1421406762,250996769,31,40,39,1012,50970002,1
116,1421406762,250996769,24,40,39,1822,50319002,0
116,1421406762,250996769,32,40,40,1795,48947002,0
116,1421406762,250996769,15,40,39,1026,49005002,0
116,1421406762,250996769,30,40,39,918,51325002,14
116,1421406762,250996769,29,40,39,585,51674002,8
117,1421406762,250996769,17,40,39,514,52050002,1
117,1421406762,250996769,27,40,40,1022,50546002,0
117,1421406762,253996730,45,40,39,585,50198002,0
117,1421406762,258996666,47,40,39,1017,50494002,0
117,1421406762,258996666,34,40,39,919,50333002,0
118,1421406762,258996666,7,40,39,1023,49925002,0
118,1421406762,258996666,11,40,39,1026,50968002,1
118,1421406762,258996666,2,40,39,822,47234002,0
118,1421406762,258996666,16,40,38,1805,51278002,9
118,1421406762,259996653,12,40,39,1806,50747002,9
119,1421406762,259996653,25,40,39,514,49493002,0
119,1421406762,259996653,5,40,39,514,51228002,1
119,1421406762,259996653,10,40,39,839,51002002,8
119,1421406762,259996653,9,40,34,454,50389002,0
119,1421406762,259996653,6,40,39,839,50459002,1
120,1421406762,259996653,8,40,39,1806,50543002,2
120,1421406762,259996653,35,40,39,1012,49574002,0
120,1421406762,259996653,19,40,39,1026,50783002,16
120,1421406762,259996653,49,40,39,585,50179002,0
120,1421406762,260996640,21,40,39,514,50195002,0
121,1421406762,260996640,46,40,39,918,51573002,11
121,1421406762,260996640,4,40,39,1822,49027002,0
121,1421406762,260996640,36,40,40,1795,50066002,0
121,1421406762,260996640,41,40,39,542,50300002,0
121,1421406762,260996640,40,40,41,1812,50249002,0
122,1421406762,260996640,39,40,39,1012,49610002,0
122,1421406762,263996602,18,40,39,851,47647002,0
122,1421406762,263996602,48,40,40,1795,50518002,1
122,1421406762,266996563,33,40,39,585,50602002,2
122,1421406762,282996357,26,40,39,918,33514000,0
123,1421406762,282996357,28,40,40,1809,49978000,0
123,1421406762,299996138,42,40,39,908,50205000,0
123,1421406762,299996138,43,40,39,1013,49949000,0
123,1421406762,299996138,37,40,39,585,50460000,0
123,1421406762,299996138,20,40,39,1805,49192002,0
124,1421406762,299996138,44,40,40,1809,50235000,0
124,1421406762,299996138,13,40,34,454,49445002,0
124,1421406762,299996138,1,40,39,514,50621002,11
124,1421406762,299996138,23,40,39,1026,49538002,0
124,1421406762,300996125,22,40,39,851,49975002,0
125,1421406762,300996125,50,40,39,918,49092000,0
125,1421406762,300996125,31,40,40,1022,50473000,3
125,1421406762,300996125,3,40,39,1026,50163002,0
125,1421406762,300996125,14,40,39,851,49157002,0
125,1421406762,300996125,38,40,39,918,49366000,0
126,1421406762,300996125,24,40,38,1805,50498002,11
126,1421406762,300996125,15,40,39,1023,50423002,0
126,1421406762,300996125,17,40,39,514,50180002,0
126,1421406762,300996125,32,40,40,1795,50968000,9
126,1421406762,300996125,29,40,39,585,51269000,6
127,1421406762,301996112,30,40,39,918,49683000,0
127,1421406762,301996112,27,40,40,1022,50541000,0
127,1421406762,304996074,34,40,39,919,49908000,0
127,1421406762,308996022,47,40,39,1013,50083000,0
127,1421406762,308996022,45,40,39,585,49831000,0
128,1421406762,309996009,7,40,39,1023,49902002,0
128,1421406762,309996009,16,40,39,1805,49932002,0
128,1421406762,309996009,2,40,39,828,49020002,0
128,1421406762,309996009,12,40,39,1805,49884002,0
128,1421406762,309996009,25,40,39,514,49890002,0
129,1421406762,309996009,10,40,39,839,49362002,0
129,1421406762,309996009,8,40,39,1806,50536002,10
129,1421406762,309996009,5,40,39,514,49905002,0
129,1421406762,310995997,35,40,40,1022,51016000,4
129,1421406762,310995997,19,40,39,1023,49914002,0
130,1421406762,310995997,6,40,39,839,50439002,0
130,1421406762,310995997,49,40,39,585,51343000,7
130,1421406762,310995997,21,40,39,514,50340002,1
130,1421406762,310995997,9,40,35,454,51429002,2
130,1421406762,310995997,46,40,39,919,51525000,1
131,1421406762,310995997,4,40,38,1805,51637002,0
131,1421406762,310995997,11,40,39,1026,52518002,1
131,1421406762,311995984,40,40,41,1812,50066000,0
131,1421406762,311995984,36,40,40,1795,49825000,0
131,1421406762,311995984,41,40,39,542,50489000,2
132,1421406762,311995984,39,40,40,1022,50549000,1
132,1421406762,314995945,18,40,38,839,50965002,2
132,1421406762,314995945,48,40,41,1812,34537000,0
132,1421406762,317995906,33,40,39,585,50439000,0
132,1421406762,333995700,26,40,39,918,50617000,2
133,1421406762,333995700,28,40,40,1809,48591000,0
133,1421406762,349995494,37,40,39,585,50318000,0
133,1421406762,349995494,42,40,39,908,50128000,0
133,1421406762,349995494,43,40,39,1013,50211000,0
133,1421406762,349995494,44,40,40,1809,51268000,4
134,1421406762,349995494,13,40,35,454,49925002,0
134,1421406762,350995482,1,40,39,514,50026002,0
134,1421406762,350995482,22,40,39,851,50081002,0
134,1421406762,350995482,23,40,39,1023,49937002,0
134,1421406762,350995482,50,40,39,918,48923000,0
135,1421406762,350995482,31,40,40,1022,50636000,4
135,1421406762,350995482,3,40,39,1023,50298002,0
135,1421406762,350995482,20,40,39,1806,49463002,0
135,1421406762,350995482,24,40,39,1805,49295002,0
135,1421406762,350995482,38,40,39,918,50487000,0
136,1421406762,350995482,15,40,39,1023,50827002,13
136,1421406762,351995469,17,40,39,514,50363002,2
136,1421406762,351995469,14,40,39,851,49922002,0
136,1421406762,351995469,29,40,39,585,49435000,0
136,1421406762,351995469,32,40,41,1812,50419000,0
137,1421406762,351995469,30,40,39,918,51026000,13
137,1421406762,352995456,27,40,39,1020,45640000,0
137,1421406762,354995430,47,40,39,1013,50402000,0
137,1421406762,359995366,45,40,39,585,50729000,3
137,1421406762,359995366,34,40,39,916,50259000,0
138,1421406762,359995366,7,40,39,1028,49743002,0
138,1421406762,359995366,16,40,39,1805,50964002,1
138,1421406762,359995366,2,40,39,828,50226002,0
138,1421406762,359995366,12,40,39,1805,49237002,0
138,1421406762,359995366,10,40,38,826,50170002,0
139,1421406762,360995353,25,40,39,514,49927002,0
139,1421406762,360995353,8,40,39,1805,50124002,0
139,1421406762,360995353,35,40,40,1022,51064000,2
139,1421406762,360995353,5,40,39,514,51177002,2
139,1421406762,360995353,19,40,39,1023,49600002,0
140,1421406762,360995353,49,40,39,585,49729000,0
140,1421406762,360995353,6,40,38,826,50402002,0
140,1421406762,360995353,21,40,39,514,50582002,3
140,1421406762,360995353,9,40,36,454,51076002,7
140,1421406762,360995353,46,40,39,919,51220000,9
141,1421406762,361995340,4,40,39,1805,50431002,13
141,1421406762,361995340,11,40,39,1023,50285002,1
141,1421406762,361995340,36,40,41,1812,50154000,0
141,1421406762,361995340,40,40,41,1812,50086000,0
141,1421406762,361995340,41,40,39,542,49976000,0
142,1421406762,361995340,39,40,40,1022,49572000,0
142,1421406762,364995301,18,40,39,839,50271002,0
142,1421406762,364995301,48,40,41,1812,50503000,1
142,1421406762,367995263,26,40,39,918,50319000,0
142,1421406762,383995057,33,40,39,585,50409000,0
143,1421406762,383995057,28,40,39,1796,48535000,0
143,1421406762,400994838,37,40,39,585,49991000,0
143,1421406762,400994838,42,40,38,894,50337000,0
143,1421406762,400994838,43,40,39,1007,48677000,0
143,1421406762,400994838,44,40,40,1809,48214000,0
144,1421406762,400994838,13,40,36,454,49990000,0
144,1421406762,400994838,50,40,39,918,48174000,0
144,1421406762,400994838,22,40,38,839,48901000,0
144,1421406762,400994838,31,40,40,1022,48913000,0
144,1421406762,400994838,3,40,39,1023,50426000,1
145,1421406762,401994825,1,40,39,514,49006000,0
145,1421406762,401994825,23,40,39,1023,49719000,0
145,1421406762,401994825,38,40,39,918,50456000,1
145,1421406762,401994825,15,40,39,1023,50309000,1
145,1421406762,401994825,17,40,39,514,51290000,2
146,1421406762,401994825,24,40,39,1805,49473000,0
146,1421406762,401994825,29,40,39,585,48372000,0
146,1421406762,401994825,14,40,38,839,49874000,0
146,1421406762,401994825,20,40,39,1806,50526000,0
146,1421406762,401994825,30,40,39,919,51116000,0
147,1421406762,403994799,32,40,41,1812,51238000,0
147,1421406762,403994799,27,40,39,1020,45824000,0
147,1421406762,405994773,34,40,39,916,50188000,0
147,1421406762,409994722,47,40,39,1013,49640000,0
147,1421406762,410994709,45,40,35,542,49769000,0
148,1421406762,410994709,7,40,39,1028,49436000,0
148,1421406762,410994709,16,40,39,1806,49482000,0
148,1421406762,410994709,12,40,39,1805,50296000,0
148,1421406762,410994709,2,40,39,828,49762000,0
148,1421406762,410994709,10,40,39,826,49911000,0
149,1421406762,410994709,25,40,39,514,49324000,0
149,1421406762,410994709,35,40,40,1022,48856000,0
149,1421406762,411994696,8,40,39,1805,50609000,7
149,1421406762,411994696,49,40,39,585,48706000,0
149,1421406762,411994696,19,40,39,1023,50493000,8
150,1421406762,411994696,6,40,39,826,49314000,0
150,1421406762,411994696,5,40,39,514,50353000,0
150,1421406762,411994696,21,40,39,514,50523000,10
150,1421406762,411994696,9,40,37,454,49527000,0
150,1421406762,412994683,46,40,39,919,49143000,0
151,1421406762,412994683,4,40,39,1805,49623000,0
151,1421406762,412994683,11,40,39,1023,49985000,0
151,1421406762,413994670,41,40,39,542,50143000,0
151,1421406762,413994670,40,40,41,1812,50033000,0
151,1421406762,413994670,36,40,41,1812,50382000,0
152,1421406762,414994658,39,40,40,1022,49540000,0
152,1421406762,415994645,18,40,39,839,50424000,0
152,1421406762,415994645,48,40,41,1812,34525000,0
152,1421406762,417994619,26,40,39,919,50216000,0
152,1421406762,433994413,33,40,39,585,50220000,0
153,1421406762,433994413,28,40,39,1796,50017000,0
153,1421406762,450994194,42,40,39,894,49731000,0
153,1421406762,450994194,43,40,39,1007,50023000,0
153,1421406762,450994194,37,40,35,542,50430000,0
153,1421406762,450994194,44,40,40,1809,49783000,0
154,1421406762,450994194,50,40,39,918,50871000,4
154,1421406762,450994194,31,40,39,1020,50678000,6
154,1421406762,450994194,22,40,39,839,49575000,0
154,1421406762,450994194,13,40,37,454,49338000,0
154,1421406762,450994194,1,40,39,514,50133000,0
155,1421406762,451994181,23,40,39,1023,49916000,0
155,1421406762,451994181,15,40,39,1023,49658000,0
155,1421406762,451994181,17,40,39,514,49843000,0
155,1421406762,451994181,3,40,39,1023,49368000,0
155,1421406762,451994181,29,40,39,585,49968000,0
156,1421406762,451994181,24,40,39,1806,49249000,0
156,1421406762,451994181,14,40,39,839,49800000,0
156,1421406762,451994181,38,40,39,919,51256000,12
156,1421406762,451994181,20,40,39,1806,51489000,1
156,1421406762,451994181,32,40,41,1812,52352000,1
157,1421406762,453994155,30,40,39,919,50119000,0
157,1421406762,453994155,27,40,39,1020,45944000,0
157,1421406762,455994130,34,40,39,916,50082000,0
157,1421406762,459994078,45,40,36,542,50547000,3
157,1421406762,459994078,47,40,39,1007,50106000,0
158,1421406762,459994078,7,40,39,1028,48645000,0
158,1421406762,460994065,16,40,39,1806,49922000,0
158,1421406762,460994065,12,40,39,1805,49453000,0
158,1421406762,460994065,2,40,39,828,50163000,0
158,1421406762,460994065,10,40,39,826,49052000,0
159,1421406762,460994065,49,40,39,585,50117000,0
159,1421406762,460994065,25,40,39,514,49694000,0
159,1421406762,460994065,35,40,39,1020,50627000,2
159,1421406762,460994065,8,40,39,1805,50291000,0
159,1421406762,460994065,19,40,39,1023,49213000,0
160,1421406762,461994052,6,40,39,826,49612000,0
160,1421406762,461994052,9,40,38,454,50351000,1
160,1421406762,461994052,5,40,39,514,50748000,9
160,1421406762,461994052,21,40,39,514,50432000,2
160,1421406762,461994052,46,40,39,916,50589000,13
161,1421406762,461994052,4,40,39,1806,50199000,0
161,1421406762,461994052,11,40,39,1023,51641000,1
161,1421406762,461994052,36,40,41,1812,50222000,0
161,1421406762,462994040,41,40,39,542,50119000,0
161,1421406762,462994040,40,40,39,1797,50287000,0
162,1421406762,462994040,39,40,39,1020,49434000,0
162,1421406762,465994001,18,40,38,826,47855000,0
162,1421406762,465994001,48,40,41,1812,34630000,0
162,1421406762,468993962,26,40,39,919,50328000,0
162,1421406762,483993769,33,40,39,585,50061000,0
163,1421406762,483993769,43,40,39,1007,50092000,0
163,1421406762,500993550,42,40,39,894,48134000,0
163,1421406762,500993550,28,40,39,1796,50300000,0
163,1421406762,500993550,37,40,36,542,49451000,0
163,1421406762,500993550,44,40,39,1796,50383000,1
164,1421406762,500993550,31,40,39,1020,51062000,3
164,1421406762,501993537,50,40,39,919,49323000,0
164,1421406762,501993537,22,40,39,839,50794000,1
164,1421406762,501993537,13,40,38,454,49881000,0
164,1421406762,501993537,1,40,39,514,49750000,0
165,1421406762,501993537,15,40,39,1021,49822000,0
165,1421406762,501993537,29,40,35,542,50986000,7
165,1421406762,501993537,23,40,39,1023,49331000,0
165,1421406762,501993537,3,40,39,1023,49607000,0
165,1421406762,501993537,17,40,39,514,49097000,0
166,1421406762,501993537,24,40,39,1806,49419000,0
166,1421406762,502993525,20,40,39,1805,49639000,0
166,1421406762,502993525,14,40,39,839,49614000,0
166,1421406762,502993525,38,40,39,919,50300000,0
166,1421406762,502993525,32,40,41,1812,50310000,0
167,1421406762,503993512,30,40,39,919,50072000,0
167,1421406762,503993512,27,40,39,1017,50555000,1
167,1421406762,505993486,34,40,39,908,50204000,0
167,1421406762,510993422,45,40,37,542,50025000,0
167,1421406762,510993422,47,40,39,1007,50381000,0
168,1421406762,510993422,16,40,39,1806,50723000,1
168,1421406762,510993422,7,40,39,1028,50241000,0
168,1421406762,510993422,2,40,39,828,49253000,0
168,1421406762,510993422,12,40,39,1797,49028000,0
168,1421406762,510993422,35,40,39,1020,50577000,1
169,1421406762,510993422,49,40,39,585,50522000,4
169,1421406762,511993409,10,40,39,826,48949000,0
169,1421406762,511993409,25,40,39,514,49004000,0
169,1421406762,511993409,8,40,39,1805,50262000,0
169,1421406762,511993409,6,40,39,826,49536000,0
170,1421406762,511993409,19,40,39,1021,50023000,0
170,1421406762,511993409,9,40,39,454,49307000,0
170,1421406762,511993409,46,40,39,916,49672000,0
170,1421406762,511993409,5,40,39,514,50113000,0
170,1421406762,511993409,21,40,39,514,49905000,0
171,1421406762,511993409,4,40,39,1806,49888000,0
171,1421406762,512993396,11,40,39,1023,50149000,0
171,1421406762,512993396,41,40,39,542,50080000,0
171,1421406762,512993396,40,40,39,1797,50300000,0
171,1421406762,512993396,36,40,41,1812,50174000,0
172,1421406762,513993383,39,40,39,1020,49558000,0
172,1421406762,515993357,18,40,39,826,50503000,1
172,1421406762,515993357,48,40,39,1797,34802000,0
172,1421406762,519993306,26,40,39,919,33403000,0
172,1421406762,535993100,33,40,39,585,50220000,0
173,1421406762,535993100,42,40,38,875,50038000,0
173,1421406762,551992894,37,40,37,542,50664000,3
173,1421406762,551992894,44,40,39,1796,50530000,4
173,1421406762,552992881,31,40,39,1020,49217000,0
173,1421406762,552992881,50,40,39,919,49723000,0
174,1421406762,552992881,43,40,39,1005,50155000,0
174,1421406762,552992881,1,40,39,514,49218000,0
174,1421406762,552992881,13,40,39,454,49297000,0
174,1421406762,552992881,17,40,39,514,49690000,0
174,1421406762,552992881,15,40,39,1021,49929000,0
175,1421406762,552992881,3,40,39,1021,50812000,2
175,1421406762,552992881,29,40,36,542,48653000,0
175,1421406762,553992868,24,40,39,1806,50288000,0
175,1421406762,553992868,20,40,39,1805,51162000,1
175,1421406762,553992868,22,40,38,826,50113000,0
176,1421406762,553992868,14,40,38,826,49350000,0
176,1421406762,553992868,38,40,39,919,51193000,14
176,1421406762,553992868,28,40,40,1812,49710000,0
176,1421406762,553992868,23,40,39,1021,50613000,0
176,1421406762,553992868,32,40,39,1797,50136000,0
177,1421406762,553992868,30,40,39,916,50420000,0
177,1421406762,554992855,27,40,39,1017,45834000,0
177,1421406762,557992817,34,40,39,908,50165000,0
177,1421406762,561992765,45,40,38,542,50057000,0
177,1421406762,561992765,47,40,39,1007,50237000,0
178,1421406762,561992765,2,40,39,828,49333000,0
178,1421406762,561992765,7,40,39,1034,48970000,0
178,1421406762,561992765,16,40,39,1805,49875000,0
178,1421406762,561992765,49,40,35,542,48821000,0
178,1421406762,561992765,35,40,39,1020,50113000,0
179,1421406762,562992752,12,40,39,1797,49947000,0
179,1421406762,562992752,10,40,39,822,49691000,0
179,1421406762,562992752,6,40,39,822,50465000,2
179,1421406762,562992752,46,40,39,916,49301000,0
179,1421406762,562992752,9,40,39,454,49370000,0
180,1421406762,562992752,21,40,39,514,49928000,0
180,1421406762,562992752,5,40,39,514,49595000,0
180,1421406762,562992752,11,40,39,1021,49980000,0
180,1421406762,562992752,4,40,39,1806,49523000,0
180,1421406762,562992752,8,40,39,1797,51365000,2
181,1421406762,562992752,19,40,39,1021,51227000,9
181,1421406762,562992752,25,40,39,514,50870000,0
181,1421406762,563992739,41,40,39,542,50057000,0
181,1421406762,563992739,36,40,39,1797,50216000,0
181,1421406762,563992739,40,40,39,1797,50286000,0
182,1421406762,563992739,39,40,39,1020,49653000,0
182,1421406762,566992701,18,40,39,826,50594000,1
182,1421406762,566992701,48,40,39,1797,50672000,1
182,1421406762,569992662,26,40,39,916,33670000,0
182,1421406762,585992456,33,40,35,542,50224000,0
183,1421406762,585992456,44,40,39,1796,48177000,0
183,1421406762,602992237,37,40,38,542,49531000,0
183,1421406762,602992237,42,40,39,875,49747000,0
183,1421406762,602992237,31,40,39,1017,48921000,0
183,1421406762,602992237,43,40,39,1005,50857000,4
184,1421406762,602992237,1,40,39,514,49069000,0
184,1421406762,602992237,17,40,39,514,49299000,0
184,1421406762,603992224,29,40,37,542,51500000,3
184,1421406762,603992224,15,40,39,1021,49739000,0
184,1421406762,603992224,24,40,39,1805,50497000,17
185,1421406762,603992224,20,40,39,1805,49877000,0
185,1421406762,604992211,3,40,39,1021,49994000,0
185,1421406762,604992211,22,40,39,826,49234000,0
185,1421406762,604992211,13,40,39,454,49759000,0
185,1421406762,604992211,14,40,39,826,49522000,0
186,1421406762,604992211,38,40,39,916,50037000,0
186,1421406762,604992211,23,40,39,1021,50033000,0
186,1421406762,604992211,50,40,39,919,51758000,0
186,1421406762,604992211,28,40,40,1812,52912000,2
186,1421406762,604992211,32,40,39,1797,50182000,0
187,1421406762,605992199,30,40,39,916,49844000,0
187,1421406762,605992199,27,40,39,1017,50585000,1
187,1421406762,605992199,47,40,39,1005,50157000,0
187,1421406762,612992108,34,40,39,908,49974000,0
187,1421406762,613992096,45,40,39,542,50263000,0
188,1421406762,613992096,7,40,39,1034,49718000,0
188,1421406762,613992096,49,40,36,542,50223000,0
188,1421406762,614992083,16,40,39,1805,49488000,0
188,1421406762,614992083,35,40,39,1017,50227000,0
188,1421406762,614992083,12,40,39,1797,49207000,0
189,1421406762,615992070,2,40,39,828,49437000,0
189,1421406762,615992070,10,40,39,822,50156000,0
189,1421406762,615992070,6,40,39,822,50300000,0
189,1421406762,616992057,9,40,39,454,49695000,0
189,1421406762,616992057,5,40,39,514,50418000,3
190,1421406762,616992057,46,40,39,908,49489000,0
190,1421406762,617992044,11,40,39,1021,50799000,12
190,1421406762,617992044,4,40,39,1805,49263000,0
190,1421406762,617992044,19,40,39,1021,50281000,1
190,1421406762,618992031,8,40,39,1797,50390000,0
191,1421406762,618992031,21,40,39,514,50515000,0
191,1421406762,619992018,25,40,39,514,50303000,1
191,1421406762,619992018,41,40,39,542,50036000,0
191,1421406762,619992018,36,40,39,1797,47758000,0
191,1421406762,619992018,40,40,40,1807,50132000,0
192,1421406762,620992005,39,40,39,1017,49603000,0
192,1421406762,620992005,18,40,39,826,50569000,0
192,1421406762,621991993,48,40,39,1797,50391000,0
192,1421406762,621991993,26,40,39,916,50494000,2
192,1421406762,636991799,33,40,36,542,50301000,0
193,1421406762,636991799,44,40,40,1812,48267001,0
193,1421406762,653991581,37,40,39,542,49661000,0
193,1421406762,653991581,42,40,39,875,50058000,0
193,1421406762,654991568,31,40,39,1017,47781001,0
193,1421406762,654991568,43,40,39,1005,48649000,0
194,1421406762,654991568,1,40,39,514,49723000,0
194,1421406762,655991555,29,40,38,542,48859000,0
194,1421406762,655991555,17,40,39,514,50257000,0
194,1421406762,655991555,15,40,39,1023,50039000,0
194,1421406762,656991542,24,40,39,1805,50271000,0
195,1421406762,656991542,3,40,39,1021,49640000,0
195,1421406762,656991542,20,40,39,1805,49999000,0
195,1421406762,657991529,14,40,39,826,49617000,0
195,1421406762,657991529,22,40,39,826,49826000,0
195,1421406762,657991529,13,40,39,454,50104000,0
196,1421406762,658991516,38,40,39,916,49031001,0
196,1421406762,658991516,23,40,39,1021,50407000,13
196,1421406762,659991503,50,40,39,916,49843001,0
196,1421406762,659991503,28,40,40,1812,50425001,0
196,1421406762,659991503,30,40,39,916,51791000,1
197,1421406762,660991490,32,40,39,1797,50662000,2
197,1421406762,660991490,27,40,39,1017,50399001,0
197,1421406762,661991478,34,40,39,908,50102000,0
197,1421406762,662991465,47,40,39,1005,50071000,0
197,1421406762,664991439,45,40,39,542,50142000,0
198,1421406762,665991426,35,40,39,1017,50642000,5
198,1421406762,665991426,49,40,37,542,49933001,0
198,1421406762,666991413,16,40,39,1805,48453000,0
198,1421406762,666991413,7,40,39,1034,49057000,0
198,1421406762,667991400,12,40,40,1811,48664000,0
199,1421406762,667991400,2,40,39,827,50172000,0
199,1421406762,667991400,46,40,39,908,50963001,3
199,1421406762,668991387,6,40,39,822,49829000,0
199,1421406762,668991387,11,40,39,1021,48999000,0
199,1421406762,669991375,5,40,39,514,49076000,0
200,1421406762,669991375,9,40,39,454,50058000,0
200,1421406762,669991375,19,40,39,1023,49232000,0
200,1421406762,670991362,4,40,39,1805,49667000,0
200,1421406762,670991362,10,40,39,822,50316000,0
200,1421406762,671991349,8,40,39,1797,49967000,0
201,1421406762,671991349,21,40,39,514,51144000,4
201,1421406762,671991349,25,40,39,514,50033000,0
201,1421406762,672991336,36,40,39,1797,50387000,3
201,1421406762,672991336,41,40,39,542,50152000,0
201,1421406762,672991336,40,40,40,1807,50522000,1
202,1421406762,673991323,39,40,39,1017,49583000,0
202,1421406762,673991323,18,40,39,822,50089000,0
202,1421406762,673991323,48,40,40,1807,34580001,0
202,1421406762,674991310,26,40,39,916,50027001,0
202,1421406762,687991143,33,40,37,542,33358001,0
203,1421406762,687991143,31,40,39,1017,49903001,0
203,1421406762,703990937,37,40,39,542,50114001,0
203,1421406762,704990924,42,40,39,867,50187001,0
203,1421406762,704990924,44,40,40,1812,50136001,0
203,1421406762,704990924,43,40,39,1005,50246001,0
204,1421406762,705990911,29,40,39,542,50508001,6
204,1421406762,705990911,1,40,39,514,49024001,0
204,1421406762,705990911,17,40,39,514,49454000,0
204,1421406762,706990898,15,40,39,1023,49723000,0
204,1421406762,706990898,14,40,39,826,50323000,1
205,1421406762,707990885,3,40,39,1023,49444000,0
205,1421406762,707990885,22,40,39,826,50263000,0
205,1421406762,707990885,13,40,39,454,49710000,0
205,1421406762,708990872,20,40,39,1797,49811001,0
205,1421406762,708990872,24,40,39,1805,50530000,0
206,1421406762,709990860,23,40,39,1023,50291000,1
206,1421406762,709990860,38,40,39,916,50745001,8
206,1421406762,709990860,50,40,39,916,51349001,10
206,1421406762,710990847,28,40,40,1820,47904001,0
206,1421406762,710990847,30,40,39,908,52252001,9
207,1421406762,711990834,32,40,40,1807,51737001,10
207,1421406762,711990834,27,40,39,1013,46827001,0
207,1421406762,711990834,34,40,38,894,48477001,0
207,1421406762,713990808,47,40,39,1005,47288001,0
207,1421406762,713990808,45,40,39,542,49401001,0
208,1421406762,713990808,49,40,38,542,50343001,2
208,1421406762,714990795,16,40,39,1805,50129000,0
208,1421406762,714990795,7,40,39,1031,50679000,3
208,1421406762,715990782,12,40,40,1811,49196001,0
208,1421406762,715990782,6,40,39,828,49024000,0
209,1421406762,715990782,2,40,39,827,49755000,0
209,1421406762,716990769,46,40,39,908,48477001,0
209,1421406762,716990769,11,40,39,1023,50840000,5
209,1421406762,716990769,5,40,39,514,51087000,2
209,1421406762,716990769,19,40,39,1023,50447000,3
210,1421406762,717990757,4,40,39,1805,51192001,11
210,1421406762,717990757,10,40,39,828,51298001,3
210,1421406762,718990744,8,40,40,1811,51488000,17
210,1421406762,718990744,21,40,39,514,51535000,3
210,1421406762,719990731,9,40,39,454,49049001,0
211,1421406762,719990731,35,40,39,1017,49720001,0
211,1421406762,719990731,25,40,39,514,50406001,0
211,1421406762,720990718,36,40,40,1807,50223001,0
211,1421406762,720990718,41,40,39,542,50202001,0
211,1421406762,721990705,40,40,40,1807,47774001,0
212,1421406762,721990705,39,40,39,1017,50570001,1
212,1421406762,721990705,18,40,39,822,50706000,1
212,1421406762,722990692,48,40,40,1807,34907001,0
212,1421406762,722990692,26,40,39,908,50364001,0
212,1421406762,737990499,33,40,38,542,50609001,2
213,1421406762,737990499,31,40,39,1017,47428001,0
213,1421406762,753990293,37,40,39,542,46744001,0
213,1421406762,754990280,44,40,40,1812,50467001,1
213,1421406762,754990280,42,40,39,867,49911001,0
213,1421406762,755990267,43,40,39,1012,50100001,0
214,1421406762,755990267,29,40,39,542,48431001,0
214,1421406762,756990254,17,40,39,514,50780001,2
214,1421406762,756990254,1,40,39,514,49431001,0
214,1421406762,756990254,14,40,39,822,49568001,0
214,1421406762,757990242,22,40,39,822,50223001,0
215,1421406762,757990242,3,40,39,1023,49316001,0
215,1421406762,757990242,20,40,39,1797,50941000,1
215,1421406762,758990229,15,40,39,1023,50352001,0
215,1421406762,758990229,24,40,39,1805,49214001,0
215,1421406762,758990229,13,40,39,454,50537001,1
216,1421406762,759990216,23,40,39,1023,49612001,0
216,1421406762,759990216,38,40,39,908,51439001,8
216,1421406762,760990203,50,40,39,916,50860001,0
216,1421406762,760990203,28,40,40,1820,50800001,1
216,1421406762,760990203,30,40,39,908,49662001,0
217,1421406762,761990190,32,40,40,1807,48060001,0
217,1421406762,761990190,27,40,39,1013,50600001,0
217,1421406762,761990190,45,40,39,542,50284001,0
217,1421406762,763990164,34,40,39,894,49222001,0
217,1421406762,763990164,47,40,39,1005,50027001,0
218,1421406762,764990151,49,40,39,542,50518001,3
218,1421406762,764990151,7,40,39,1031,49150000,0
218,1421406762,764990151,16,40,39,1797,49146001,0
218,1421406762,765990139,46,40,39,908,49505001,0
218,1421406762,765990139,2,40,39,827,49958001,0
219,1421406762,766990126,12,40,40,1811,49912001,0
219,1421406762,766990126,6,40,39,828,49415001,0
219,1421406762,767990113,19,40,39,1023,50535001,12
219,1421406762,767990113,11,40,39,1023,50851001,1
219,1421406762,767990113,4,40,39,1805,49371001,0
220,1421406762,768990100,5,40,34,454,49239001,0
220,1421406762,768990100,10,40,39,828,49522001,0
220,1421406762,768990100,8,40,40,1811,50018001,0
220,1421406762,769990087,21,40,39,514,49777001,0
220,1421406762,769990087,9,40,39,454,50268000,0
221,1421406762,770990074,35,40,39,1017,50143001,0
221,1421406762,770990074,25,40,39,514,50096001,0
221,1421406762,770990074,36,40,40,1807,50229001,0
221,1421406762,771990061,40,40,40,1809,50536001,3
221,1421406762,771990061,41,40,39,542,50283001,0
222,1421406762,771990061,39,40,39,1017,49619001,0
222,1421406762,772990049,18,40,39,822,50391001,0
222,1421406762,772990049,48,40,40,1807,34607001,0
222,1421406762,772990049,33,40,39,542,50271001,0
222,1421406762,787989855,26,40,39,908,50106001,0
223,1421406762,788989843,44,40,40,1820,50105001,0
223,1421406762,804989637,31,40,39,1013,48699001,0
223,1421406762,804989637,37,40,39,542,49592001,0
223,1421406762,805989624,42,40,39,867,50165001,0
223,1421406762,805989624,29,40,39,542,50944001,3
224,1421406762,805989624,17,40,34,454,50828001,1
224,1421406762,806989611,3,40,39,1023,50328001,0
224,1421406762,806989611,22,40,39,822,49956001,0
224,1421406762,806989611,14,40,39,822,49293001,0
224,1421406762,807989598,15,40,39,1028,51021001,1
225,1421406762,807989598,13,40,39,454,51006001,3
225,1421406762,808989585,24,40,39,1797,51038001,1
225,1421406762,808989585,23,40,39,1023,49625001,0
225,1421406762,808989585,38,40,39,908,49720001,0
225,1421406762,809989572,43,40,39,1012,50520001,1
226,1421406762,809989572,1,40,34,454,50797001,0
226,1421406762,809989572,20,40,39,1797,50646001,0
226,1421406762,810989559,50,40,39,908,50319001,0
226,1421406762,810989559,30,40,39,908,49770001,0
226,1421406762,810989559,28,40,40,1820,50153001,0
227,1421406762,811989546,32,40,40,1807,50525001,1
227,1421406762,811989546,27,40,39,1013,46478001,0
227,1421406762,811989546,47,40,39,1012,50270001,0
227,1421406762,813989521,34,40,39,894,50095001,0
227,1421406762,814989508,45,40,39,542,48701001,0
228,1421406762,814989508,49,40,39,542,50320001,0
228,1421406762,814989508,46,40,38,894,50183001,0
228,1421406762,815989495,6,40,39,828,50011001,0
228,1421406762,815989495,16,40,39,1797,48922001,0
228,1421406762,815989495,12,40,40,1811,50831001,3
229,1421406762,816989482,2,40,39,828,50411001,0
229,1421406762,816989482,5,40,35,454,50958001,6
229,1421406762,817989469,19,40,39,1028,48925001,0
229,1421406762,817989469,4,40,39,1797,49829001,0
229,1421406762,818989456,10,40,39,828,49939001,0
230,1421406762,818989456,21,40,34,454,51195001,12
230,1421406762,819989443,8,40,40,1811,49089001,0
230,1421406762,819989443,11,40,39,1023,49355001,0
230,1421406762,819989443,9,40,39,454,49867001,0
230,1421406762,820989431,7,40,39,1031,50666001,3
231,1421406762,820989431,35,40,39,1013,50531001,14
231,1421406762,820989431,25,40,34,454,50336001,1
231,1421406762,821989418,36,40,40,1807,52749001,20
231,1421406762,821989418,40,40,40,1809,50276001,0
231,1421406762,821989418,41,40,39,542,47688001,0
232,1421406762,822989405,39,40,39,1013,49588001,0
232,1421406762,822989405,18,40,39,828,50344001,0
232,1421406762,823989392,48,40,40,1809,34957001,0
232,1421406762,823989392,33,40,39,542,50301001,0
232,1421406762,837989212,26,40,39,908,50310001,0
233,1421406762,838989199,44,40,40,1820,50188001,0
233,1421406762,855988980,31,40,39,1013,49466001,0
233,1421406762,855988980,37,40,39,542,50022001,0
233,1421406762,855988980,29,40,39,542,50280001,0
233,1421406762,856988967,42,40,39,867,50200001,0
234,1421406762,856988967,3,40,39,1028,49335001,0
234,1421406762,856988967,17,40,35,454,50063001,0
234,1421406762,857988954,14,40,39,822,49678001,0
234,1421406762,857988954,22,40,39,822,49696001,0
234,1421406762,857988954,13,40,39,454,50245001,0
235,1421406762,858988941,24,40,39,1797,49387001,0
235,1421406762,858988941,15,40,39,1028,49606001,0
235,1421406762,859988928,23,40,39,1028,49831001,0
235,1421406762,859988928,38,40,39,908,51009001,3
235,1421406762,859988928,43,40,39,1012,51848001,4
236,1421406762,860988916,20,40,40,1811,51852001,1
236,1421406762,860988916,1,40,35,454,51718001,1
236,1421406762,860988916,50,40,39,908,49114001,0
236,1421406762,861988903,28,40,40,1820,49494001,0
236,1421406762,861988903,30,40,39,908,52168001,18
237,1421406762,861988903,32,40,40,1809,50526001,2
237,1421406762,862988890,27,40,39,1007,50644001,1
237,1421406762,862988890,34,40,38,875,47350001,0
237,1421406762,864988864,45,40,39,542,50456001,3
237,1421406762,864988864,47,40,39,1012,50261001,0
238,1421406762,865988851,49,40,39,542,50501001,1
238,1421406762,865988851,46,40,39,894,50354001,1
238,1421406762,865988851,16,40,39,1797,50250001,0
238,1421406762,866988838,6,40,39,828,48973001,0
238,1421406762,866988838,12,40,40,1811,50025001,0
239,1421406762,866988838,2,40,39,828,50228001,0
239,1421406762,867988825,5,40,36,454,49178001,0
239,1421406762,867988825,19,40,39,1028,49784001,0
239,1421406762,867988825,10,40,39,828,50119001,0
239,1421406762,868988813,4,40,39,1797,50095001,0
240,1421406762,868988813,21,40,35,454,49900001,0
240,1421406762,868988813,11,40,39,1028,51303001,1
240,1421406762,869988800,8,40,40,1811,49710001,0
240,1421406762,869988800,9,40,39,454,51145001,17
240,1421406762,869988800,7,40,39,1023,50559001,0
241,1421406762,870988787,25,40,35,454,50528001,6
241,1421406762,870988787,35,40,39,1013,48886001,0
241,1421406762,870988787,36,40,40,1809,49563001,0
241,1421406762,871988774,40,40,40,1809,50028001,0
241,1421406762,871988774,41,40,39,542,50464001,3
242,1421406762,871988774,39,40,39,1013,50556001,1
242,1421406762,872988761,18,40,39,828,47402001,0
242,1421406762,872988761,48,40,40,1809,35181001,0
242,1421406762,872988761,26,40,39,908,50289001,0
242,1421406762,888988555,33,40,39,542,50263001,0
243,1421406762,888988555,37,40,39,542,49793001,0
243,1421406762,905988336,31,40,39,1013,47812001,0
243,1421406762,905988336,44,40,40,1820,50092001,0
243,1421406762,905988336,29,40,39,542,49868001,0
243,1421406762,906988323,17,40,36,454,49050001,0
244,1421406762,906988323,22,40,39,828,49598001,0
244,1421406762,907988310,24,40,39,1797,49880001,0
244,1421406762,907988310,13,40,39,454,50284001,0
244,1421406762,907988310,15,40,39,1028,51022001,11
244,1421406762,908988298,42,40,39,863,50092001,0
245,1421406762,908988298,38,40,39,908,50144001,0
245,1421406762,908988298,23,40,39,1028,50240001,0
245,1421406762,909988285,3,40,39,1028,50326001,0
245,1421406762,909988285,43,40,40,1026,48960001,0
245,1421406762,910988272,20,40,40,1811,49785001,0
246,1421406762,910988272,1,40,36,454,50073001,0
246,1421406762,910988272,14,40,39,828,51125001,0
246,1421406762,911988259,50,40,39,908,50612001,1
246,1421406762,911988259,28,40,39,1815,49761001,0
246,1421406762,911988259,30,40,38,894,49840001,0
247,1421406762,912988246,32,40,40,1809,47309001,0
247,1421406762,912988246,27,40,39,1007,46409001,0
247,1421406762,912988246,45,40,39,542,50225001,0
247,1421406762,914988220,34,40,39,875,49728001,0
247,1421406762,914988220,47,40,39,1012,49994001,0
248,1421406762,915988207,49,40,39,542,49972001,0
248,1421406762,915988207,46,40,39,894,50516001,1
248,1421406762,916988195,5,40,37,454,49653001,0
248,1421406762,916988195,12,40,40,1811,49498001,0
248,1421406762,916988195,19,40,39,1028,49114001,0
249,1421406762,917988182,2,40,39,828,50050001,0
249,1421406762,917988182,10,40,39,828,49046001,0
249,1421406762,917988182,16,40,40,1811,50230001,0
249,1421406762,918988169,11,40,39,1028,49382001,0
249,1421406762,918988169,8,40,40,1811,48970001,0
250,1421406762,918988169,21,40,36,454,48960001,0
250,1421406762,919988156,4,40,39,1797,49321001,0
250,1421406762,919988156,6,40,39,828,50496001,0
250,1421406762,920988143,9,40,39,454,50109001,0
250,1421406762,920988143,7,40,39,1023,49518001,0
251,1421406762,920988143,25,40,36,454,50098001,0
251,1421406762,921988130,35,40,39,1013,50878001,6
251,1421406762,921988130,36,40,40,1809,49927001,0
251,1421406762,921988130,40,40,40,1809,52437001,17
251,1421406762,922988117,41,40,39,542,50331001,0
252,1421406762,922988117,39,40,39,1013,49565001,0
252,1421406762,922988117,18,40,39,828,47546001,0
252,1421406762,923988104,48,40,40,1809,35036001,0
252,1421406762,923988104,33,40,39,542,50219001,0
252,1421406762,938987911,26,40,38,894,50379001,0
253,1421406762,938987911,29,40,39,542,50091001,0
253,1421406762,955987692,44,40,40,1820,50341001,0
253,1421406762,956987680,31,40,39,1007,50004001,0
253,1421406762,956987680,37,40,39,542,50016001,0
253,1421406762,956987680,24,40,40,1811,49838001,0
254,1421406762,957987667,13,40,39,454,49874001,0
254,1421406762,957987667,15,40,39,1028,49693001,0
254,1421406762,958987654,22,40,39,828,50151001,0
254,1421406762,958987654,42,40,39,863,50814001,0
254,1421406762,958987654,38,40,38,894,51128001,5
255,1421406762,959987641,23,40,39,1028,49344001,0
255,1421406762,959987641,17,40,37,454,50219001,0
255,1421406762,960987628,1,40,37,454,49689001,0
255,1421406762,960987628,20,40,40,1811,51326001,14
255,1421406762,960987628,43,40,40,1026,51178001,9
256,1421406762,961987615,14,40,39,828,50133001,0
256,1421406762,961987615,3,40,39,1028,52153001,1
256,1421406762,962987602,50,40,39,908,49756001,0
256,1421406762,962987602,30,40,39,894,50338001,2
256,1421406762,962987602,28,40,39,1815,50453001,1
257,1421406762,963987589,32,40,40,1809,50565001,3
257,1421406762,963987589,27,40,39,1007,46296001,0
257,1421406762,964987577,47,40,40,1026,49696001,0
257,1421406762,964987577,34,40,39,875,49999001,0
257,1421406762,964987577,45,40,39,542,49886001,0
258,1421406762,965987564,46,40,38,875,50775001,3
258,1421406762,965987564,49,40,39,542,50581001,4
258,1421406762,966987551,5,40,38,454,49341001,0
258,1421406762,966987551,2,40,39,825,49341001,0
258,1421406762,966987551,19,40,39,1028,48737001,0
259,1421406762,967987538,12,40,40,1811,49107001,0
259,1421406762,967987538,16,40,40,1811,50106001,0
259,1421406762,968987525,10,40,39,828,49836001,0
259,1421406762,968987525,11,40,39,1028,51055001,3
259,1421406762,968987525,8,40,40,1811,50176001,0
260,1421406762,969987512,21,40,37,454,50954001,4
260,1421406762,969987512,6,40,39,828,51125001,3
260,1421406762,969987512,4,40,40,1811,50445001,1
260,1421406762,970987499,9,40,34,403,51192001,1
260,1421406762,970987499,7,40,39,1023,49497001,0
261,1421406762,971987486,25,40,37,454,49604001,0
261,1421406762,971987486,35,40,39,1007,50596001,6
261,1421406762,971987486,40,40,39,1796,49367001,0
261,1421406762,972987474,36,40,40,1809,50144001,0
261,1421406762,972987474,41,40,39,542,50354001,0
262,1421406762,972987474,39,40,39,1007,49593001,0
262,1421406762,973987461,18,40,39,828,50571001,1
262,1421406762,973987461,48,40,40,1809,35165001,0
262,1421406762,973987461,33,40,39,542,50234001,0
262,1421406762,988987268,26,40,39,894,50339001,0
263,1421406762,989987255,44,40,39,1815,50058001,0
263,1421406763,5999923,31,40,39,1007,50212001,0
263,1421406763,6999910,37,40,39,542,49877001,0
263,1421406763,6999910,29,40,39,542,50034001,0
263,1421406763,6999910,24,40,40,1811,50498001,2
264,1421406763,7999898,13,40,34,403,49497001,0
264,1421406763,7999898,22,40,39,828,50334001,0
264,1421406763,8999885,42,40,39,863,48484001,0
264,1421406763,8999885,23,40,39,1028,50084001,0
264,1421406763,8999885,17,40,38,454,51130001,4
265,1421406763,9999872,38,40,39,894,50218001,0
265,1421406763,9999872,15,40,39,1034,50068001,0
265,1421406763,10999859,20,40,40,1811,50004001,0
265,1421406763,10999859,1,40,38,454,51100001,5
265,1421406763,10999859,43,40,40,1026,49585001,0
266,1421406763,11999846,14,40,39,828,49702001,0
266,1421406763,11999846,3,40,39,1028,50126001,0
266,1421406763,12999833,50,40,38,894,50826001,1
266,1421406763,12999833,30,40,39,894,51082001,1
266,1421406763,12999833,28,40,39,1815,49976001,0
267,1421406763,13999820,32,40,40,1809,50860001,2
267,1421406763,13999820,27,40,39,1005,50554001,1
267,1421406763,14999807,47,40,40,1026,50329001,0
267,1421406763,14999807,45,40,39,542,49883001,0
267,1421406763,14999807,34,40,39,867,50259001,0
268,1421406763,15999795,46,40,39,875,50075001,0
268,1421406763,15999795,49,40,39,542,50008001,0
268,1421406763,16999782,5,40,39,454,50552001,1
268,1421406763,16999782,2,40,39,825,49785001,0
268,1421406763,17999769,12,40,38,1787,49377001,0
269,1421406763,17999769,16,40,40,1811,49298001,0
269,1421406763,17999769,21,40,38,454,49135001,0
269,1421406763,18999756,10,40,39,828,50752001,6
269,1421406763,18999756,8,40,40,1811,49113001,0
269,1421406763,18999756,19,40,39,1034,49826001,0
270,1421406763,19999743,6,40,39,828,49148001,0
270,1421406763,19999743,4,40,40,1811,51003001,15
270,1421406763,20999730,9,40,35,403,50164001,0
270,1421406763,20999730,25,40,38,454,51287001,18
270,1421406763,20999730,7,40,39,1023,49887001,0
271,1421406763,21999717,35,40,39,1007,49620001,0
271,1421406763,21999717,11,40,39,1028,52441001,1
271,1421406763,21999717,40,40,39,1796,50189002,0
271,1421406763,22999704,36,40,40,1809,49776001,0
271,1421406763,22999704,41,40,39,542,50077001,0
272,1421406763,23999692,39,40,39,1007,49589001,0
272,1421406763,23999692,18,40,39,828,50322001,0
272,1421406763,23999692,48,40,39,1796,35174001,0
272,1421406763,24999679,26,40,39,894,50259001,0
272,1421406763,39999486,33,40,39,542,50309002,0
273,1421406763,39999486,37,40,39,542,50132001,0
273,1421406763,56999267,31,40,39,1007,50223001,0
273,1421406763,56999267,29,40,39,542,50288001,0
273,1421406763,57999254,44,40,39,1815,50371001,0
273,1421406763,57999254,22,40,39,828,49647001,0
274,1421406763,57999254,13,40,35,403,50669001,4
274,1421406763,58999241,38,40,39,894,49696001,0
274,1421406763,58999241,15,40,39,1034,49784001,0
274,1421406763,59999228,24,40,40,1811,50730001,4
274,1421406763,59999228,42,40,39,857,50183001,0
275,1421406763,59999228,1,40,39,454,49451001,0
275,1421406763,59999228,20,40,40,1811,49651001,0
275,1421406763,60999215,23,40,39,1034,49657001,0
275,1421406763,60999215,14,40,39,828,49946001,0
275,1421406763,60999215,3,40,39,1034,49960001,0
276,1421406763,61999202,30,40,38,875,52105001,16
276,1421406763,61999202,17,40,39,454,52243001,1
276,1421406763,62999189,28,40,40,1833,50425002,1
276,1421406763,62999189,50,40,39,894,51450001,4
276,1421406763,62999189,43,40,41,1037,52382001,12
277,1421406763,62999189,32,40,39,1796,50332002,0
277,1421406763,63999177,27,40,39,1005,46665002,0
277,1421406763,63999177,47,40,40,1026,50263002,0
277,1421406763,65999151,34,40,39,867,49781001,0
277,1421406763,65999151,45,40,39,542,50096002,0
278,1421406763,65999151,49,40,39,542,50236002,0
278,1421406763,66999138,5,40,39,454,49461001,0
278,1421406763,66999138,12,40,39,1787,49271001,0
278,1421406763,67999125,2,40,39,825,49323001,0
278,1421406763,67999125,19,40,39,1034,50547001,15
279,1421406763,68999112,10,40,39,827,50064001,0
279,1421406763,68999112,46,40,39,875,50141001,0
279,1421406763,69999099,8,40,38,1787,49897001,0
279,1421406763,69999099,6,40,39,827,50122001,0
279,1421406763,69999099,21,40,39,454,49558001,0
280,1421406763,70999086,25,40,39,454,49551001,0
280,1421406763,70999086,4,40,40,1811,49511001,0
280,1421406763,71999074,9,40,36,403,50066001,0
280,1421406763,71999074,16,40,40,1811,49683001,0
280,1421406763,71999074,7,40,39,1022,50135001,0
281,1421406763,72999061,35,40,39,1007,51057001,11
281,1421406763,72999061,11,40,39,1034,50173001,0
281,1421406763,73999048,36,40,39,1796,49955001,0
281,1421406763,73999048,40,40,39,1796,50001001,0
281,1421406763,73999048,41,40,39,542,47328001,0
282,1421406763,74999035,39,40,39,1007,49558001,0
282,1421406763,74999035,18,40,39,828,50466001,0
282,1421406763,75999022,48,40,39,1796,35469002,0
282,1421406763,75999022,26,40,38,875,50056002,0
282,1421406763,89998842,33,40,39,542,50261002,0
283,1421406763,89998842,31,40,39,1005,48295002,0
283,1421406763,106998623,29,40,39,542,50757002,1
283,1421406763,107998610,44,40,39,1815,49571002,0
283,1421406763,107998610,37,40,39,542,50535002,0
283,1421406763,108998597,13,40,36,403,49917001,0
284,1421406763,108998597,42,40,39,857,47799002,0
284,1421406763,109998584,38,40,38,875,47375002,0
284,1421406763,109998584,1,40,39,454,50917001,6
284,1421406763,109998584,20,40,40,1811,50832001,4
284,1421406763,109998584,15,40,39,1034,50508001,1
285,1421406763,110998571,24,40,40,1811,49633001,0
285,1421406763,110998571,22,40,39,828,51000001,4
285,1421406763,110998571,23,40,39,1034,51113001,4
285,1421406763,111998559,14,40,39,828,50565001,6
285,1421406763,111998559,3,40,39,1034,50581001,11
286,1421406763,112998546,17,40,39,454,52200001,1
286,1421406763,112998546,30,40,39,875,49664002,0
286,1421406763,112998546,28,40,40,1833,51056002,2
286,1421406763,113998533,43,40,41,1037,49645002,0
286,1421406763,113998533,50,40,39,894,49866002,0
287,1421406763,113998533,32,40,39,1796,47045002,0
287,1421406763,114998520,27,40,39,1005,46814002,0
287,1421406763,114998520,47,40,41,1037,50332002,0
287,1421406763,115998507,34,40,39,867,50126002,0
287,1421406763,115998507,45,40,39,542,50026002,0
288,1421406763,116998494,49,40,39,542,50300002,0
288,1421406763,116998494,12,40,39,1787,49515001,0
288,1421406763,117998481,2,40,39,825,49945001,0
288,1421406763,117998481,19,40,39,1034,48951001,0
288,1421406763,117998481,10,40,39,827,48758001,0
289,1421406763,118998468,46,40,39,867,51127002,0
289,1421406763,118998468,8,40,39,1787,50372002,0
289,1421406763,118998468,6,40,39,827,50972002,1
289,1421406763,119998456,21,40,39,454,50584001,3
289,1421406763,119998456,5,40,39,454,49642001,0
290,1421406763,119998456,9,40,37,403,50136001,0
290,1421406763,120998443,16,40,40,1811,51341001,1
290,1421406763,120998443,7,40,39,1022,50122001,0
290,1421406763,120998443,25,40,39,454,50802001,3
290,1421406763,121998430,4,40,40,1811,50242001,0
291,1421406763,121998430,35,40,39,1005,49803002,0
291,1421406763,121998430,11,40,39,1034,49955001,0
291,1421406763,122998417,36,40,39,1796,50458002,1
291,1421406763,122998417,40,40,40,1812,50422002,2
291,1421406763,123998404,41,40,39,542,47204002,0
292,1421406763,123998404,39,40,39,1005,49534002,0
292,1421406763,123998404,18,40,39,828,47391001,0
292,1421406763,124998391,48,40,39,1796,35271002,0
292,1421406763,124998391,26,40,39,875,50339002,0
292,1421406763,139998198,33,40,39,542,50271002,0
293,1421406763,140998185,29,40,39,542,50686002,1
293,1421406763,156997979,31,40,39,1005,50076002,0
293,1421406763,156997979,44,40,40,1833,50115002,0
293,1421406763,157997966,37,40,39,542,50425002,0
293,1421406763,157997966,42,40,39,857,51122002,4
294,1421406763,158997953,38,40,39,875,50980002,4
294,1421406763,158997953,20,40,40,1811,50179002,0
294,1421406763,158997953,1,40,39,454,49425002,0
294,1421406763,159997941,15,40,39,1031,50731001,6
294,1421406763,159997941,24,40,40,1811,49842002,0
295,1421406763,159997941,13,40,37,403,50518002,0
295,1421406763,160997928,22,40,39,828,49484002,0
295,1421406763,160997928,23,40,39,1034,49843001,0
295,1421406763,160997928,3,40,39,1034,49509002,0
295,1421406763,160997928,14,40,39,828,50349002,0
296,1421406763,161997915,17,40,39,454,49786001,0
296,1421406763,161997915,30,40,39,875,49740002,0
296,1421406763,162997902,28,40,40,1833,51181002,16
296,1421406763,162997902,50,40,38,875,50559002,1
296,1421406763,162997902,43,40,41,1037,50171002,0
297,1421406763,162997902,32,40,39,1796,52465002,13
297,1421406763,163997889,27,40,39,1005,50491002,1
297,1421406763,163997889,47,40,41,1037,48782002,0
297,1421406763,165997863,34,40,39,867,49155002,0
297,1421406763,165997863,45,40,39,542,49719002,0
298,1421406763,165997863,49,40,39,542,49195002,0
298,1421406763,165997863,19,40,39,1031,48625002,0
298,1421406763,166997850,12,40,39,1783,48520002,0
298,1421406763,166997850,10,40,39,827,48907001,0
298,1421406763,166997850,2,40,39,823,50439002,1
299,1421406763,167997838,6,40,39,827,49407002,0
299,1421406763,167997838,8,40,39,1787,50816002,1
299,1421406763,168997825,21,40,39,454,50287002,0
299,1421406763,168997825,46,40,39,867,48909002,0
299,1421406763,168997825,5,40,39,454,50230002,0
300,1421406763,169997812,9,40,38,403,51148002,3
300,1421406763,169997812,16,40,40,1811,50139002,0
300,1421406763,169997812,25,40,39,454,51427002,3
300,1421406763,170997799,4,40,40,1811,50719002,16
300,1421406763,170997799,7,40,39,1022,51051002,4
301,1421406763,171997786,35,40,39,1005,50374002,1
301,1421406763,171997786,11,40,39,1034,51988002,19
301,1421406763,171997786,40,40,40,1812,49900002,0
301,1421406763,171997786,36,40,39,1796,50164002,0
301,1421406763,172997773,41,40,39,542,50376002,1
302,1421406763,172997773,39,40,39,1005,49512002,0
302,1421406763,172997773,18,40,39,827,50422002,1
302,1421406763,172997773,48,40,40,1812,50539002,1
302,1421406763,174997747,33,40,39,542,33233002,0
302,1421406763,190997541,26,40,39,875,50306002,0
303,1421406763,190997541,29,40,39,542,50593002,2
303,1421406763,210997284,31,40,39,1005,50175002,0
303,1421406763,211997271,44,40,40,1833,50296002,0
303,1421406763,211997271,37,40,39,542,49696002,0
303,1421406763,212997258,42,40,39,856,49995002,0
304,1421406763,212997258,38,40,39,875,49702002,0
304,1421406763,212997258,1,40,39,454,49116002,0
304,1421406763,213997245,20,40,38,1787,50139002,0
304,1421406763,213997245,24,40,40,1811,50066002,0
304,1421406763,213997245,15,40,39,1031,49444002,0
305,1421406763,213997245,23,40,39,1031,50212002,0
305,1421406763,214997232,22,40,39,828,50407002,0
305,1421406763,214997232,13,40,38,403,50348002,0
305,1421406763,214997232,14,40,39,828,50835002,13
305,1421406763,215997220,30,40,39,867,49386002,0
306,1421406763,215997220,17,40,39,454,50736002,14
306,1421406763,216997207,28,40,39,1822,49948002,0
306,1421406763,216997207,43,40,41,1037,50831002,6
306,1421406763,216997207,50,40,39,875,50501002,2
306,1421406763,217997194,32,40,40,1812,50179002,0
307,1421406763,217997194,3,40,39,1031,52241002,12
307,1421406763,217997194,27,40,39,1012,46905002,0
307,1421406763,218997181,47,40,41,1037,50024002,0
307,1421406763,218997181,34,40,39,863,49997002,0
307,1421406763,218997181,45,40,39,542,50112002,0
308,1421406763,219997168,49,40,39,542,50151002,0
308,1421406763,219997168,19,40,39,1031,50585002,3
308,1421406763,219997168,12,40,39,1783,49519002,0
308,1421406763,220997155,10,40,39,828,48838002,0
308,1421406763,220997155,2,40,39,823,50470002,2
309,1421406763,220997155,6,40,39,828,50718002,10
309,1421406763,220997155,21,40,39,454,50443002,6
309,1421406763,221997142,8,40,39,1783,48798002,0
309,1421406763,221997142,5,40,39,454,49279002,0
309,1421406763,222997129,16,40,40,1811,49766002,0
310,1421406763,222997129,46,40,39,867,50310002,0
310,1421406763,222997129,9,40,39,403,50167002,0
310,1421406763,223997117,25,40,39,454,49463002,0
310,1421406763,223997117,4,40,40,1811,49430002,0
310,1421406763,223997117,7,40,39,1022,50111002,0
311,1421406763,223997117,35,40,39,1005,50467002,5
311,1421406763,224997104,11,40,39,1031,50146002,0
311,1421406763,224997104,36,40,40,1812,49898002,0
311,1421406763,225997091,40,40,40,1812,51611002,8
311,1421406763,225997091,41,40,39,542,50440002,2
312,1421406763,225997091,39,40,39,1005,50708002,1
312,1421406763,225997091,18,40,39,827,50767002,0
312,1421406763,226997078,48,40,40,1812,50443002,0
312,1421406763,227997065,33,40,39,542,33602002,0
312,1421406763,238996923,26,40,39,867,50410002,1
313,1421406763,239996911,31,40,39,1005,50575002,2
313,1421406763,257996679,29,40,39,542,50191002,0
313,1421406763,257996679,44,40,40,1833,49291002,0
313,1421406763,258996666,37,40,39,542,50582002,4
313,1421406763,258996666,38,40,39,867,50566002,4
314,1421406763,258996666,42,40,39,856,49050002,0
314,1421406763,259996653,1,40,39,454,50127002,0
314,1421406763,259996653,20,40,39,1787,49820002,0
314,1421406763,259996653,15,40,39,1031,50587002,0
314,1421406763,259996653,24,40,40,1811,50301002,0
315,1421406763,260996640,22,40,39,827,50220002,0
315,1421406763,260996640,13,40,39,403,51107002,1
315,1421406763,260996640,23,40,39,1031,49789002,0
315,1421406763,261996627,14,40,39,827,50180002,0
315,1421406763,261996627,17,40,39,454,51757002,2
316,1421406763,262996615,30,40,39,867,50602002,9
316,1421406763,262996615,50,40,39,875,51416002,9
316,1421406763,263996602,28,40,39,1822,50802002,2
316,1421406763,263996602,43,40,41,1038,50121002,0
316,1421406763,263996602,32,40,40,1812,51804002,1
317,1421406763,264996589,3,40,39,1031,50352002,0
317,1421406763,264996589,27,40,39,1012,50436002,1
317,1421406763,264996589,34,40,39,863,49721002,0
317,1421406763,265996576,47,40,41,1037,49674002,0
317,1421406763,265996576,45,40,39,542,49981002,0
318,1421406763,265996576,49,40,39,542,49379002,0
318,1421406763,266996563,10,40,39,828,49345002,0
318,1421406763,266996563,2,40,39,823,49947002,0
318,1421406763,266996563,19,40,39,1031,48739002,0
318,1421406763,267996550,12,40,39,1783,48962002,0
319,1421406763,267996550,6,40,39,828,49938002,0
319,1421406763,267996550,21,40,39,454,49571002,0
319,1421406763,268996537,8,40,39,1783,49459002,0
319,1421406763,268996537,5,40,39,454,49459002,0
319,1421406763,269996524,16,40,38,1787,49137002,0
320,1421406763,269996524,25,40,39,454,49348002,0
320,1421406763,269996524,9,40,36,371,50533002,8
320,1421406763,270996512,7,40,39,1022,50427002,17
320,1421406763,270996512,46,40,39,867,50312002,0
320,1421406763,270996512,4,40,40,1811,49654002,0
321,1421406763,271996499,35,40,39,1005,49643002,0
321,1421406763,271996499,11,40,39,1031,49715002,0
321,1421406763,271996499,36,40,40,1812,50234002,0
321,1421406763,272996486,40,40,40,1820,49499002,0
321,1421406763,272996486,41,40,39,542,52385002,20
322,1421406763,272996486,39,40,39,1005,49525002,0
322,1421406763,272996486,18,40,39,827,50536002,0
322,1421406763,273996473,48,40,40,1812,50296002,0
322,1421406763,275996447,33,40,39,542,50391000,2
322,1421406763,290996254,26,40,39,867,50345000,0
323,1421406763,291996241,31,40,39,1012,49782000,0
323,1421406763,308996022,44,40,39,1822,49884000,0
323,1421406763,308996022,29,40,39,542,50526000,3
323,1421406763,309996009,42,40,39,856,49925000,0
323,1421406763,309996009,37,40,39,542,49636000,0
324,1421406763,309996009,38,40,39,867,49877000,0
324,1421406763,310995997,20,40,39,1787,48912002,0
324,1421406763,310995997,1,40,39,454,49299002,0
324,1421406763,310995997,15,40,39,1023,49106002,0
324,1421406763,311995984,24,40,38,1787,49628002,0
325,1421406763,311995984,13,40,36,371,49875002,0
325,1421406763,311995984,22,40,39,827,49994002,0
325,1421406763,312995971,23,40,39,1031,50175002,0
325,1421406763,312995971,14,40,39,827,50496002,14
325,1421406763,312995971,17,40,39,454,49515002,0
326,1421406763,313995958,30,40,39,867,49867000,0
326,1421406763,313995958,28,40,39,1822,51099000,6
326,1421406763,313995958,43,40,41,1038,50214000,0
326,1421406763,314995945,50,40,39,867,50290000,0
326,1421406763,314995945,32,40,40,1812,50089000,0
327,1421406763,314995945,3,40,39,1031,51710002,11
327,1421406763,314995945,27,40,39,1012,50395000,0
327,1421406763,315995932,47,40,41,1038,50350000,0
327,1421406763,316995919,34,40,39,863,50255000,0
327,1421406763,317995906,45,40,39,542,50128000,0
328,1421406763,317995906,49,40,39,542,50455000,4
328,1421406763,317995906,2,40,39,825,50658002,3
328,1421406763,318995894,10,40,39,828,49715002,0
328,1421406763,318995894,12,40,37,1757,48783002,0
328,1421406763,318995894,19,40,39,1023,49211002,0
329,1421406763,319995881,6,40,39,828,50209002,0
329,1421406763,319995881,21,40,39,454,49781002,0
329,1421406763,319995881,8,40,39,1783,48980002,0
329,1421406763,320995868,5,40,39,454,50192002,0
329,1421406763,320995868,16,40,39,1787,49828002,0
330,1421406763,320995868,9,40,37,371,51160002,3
330,1421406763,321995855,7,40,39,1022,49246002,0
330,1421406763,321995855,25,40,39,454,49289002,0
330,1421406763,321995855,4,40,38,1787,49527002,0
330,1421406763,322995842,46,40,39,863,51735000,11
331,1421406763,322995842,11,40,39,1031,51673002,1
331,1421406763,322995842,35,40,39,1012,50626000,7
331,1421406763,323995829,36,40,40,1812,51553000,5
331,1421406763,323995829,40,40,40,1820,50255000,0
331,1421406763,323995829,41,40,39,542,48800000,0
332,1421406763,324995816,39,40,39,1012,49014000,0
332,1421406763,324995816,18,40,39,828,47589002,0
332,1421406763,324995816,48,40,40,1820,35131000,0
332,1421406763,326995791,26,40,39,867,32874000,0
332,1421406763,341995597,33,40,39,542,50164000,0
333,1421406763,341995597,42,40,39,856,50560000,3
333,1421406763,358995379,44,40,39,1822,48676000,0
333,1421406763,359995366,31,40,39,1012,49247000,0
333,1421406763,359995366,29,40,39,542,48819000,0
333,1421406763,359995366,37,40,39,542,48051000,0
334,1421406763,359995366,38,40,39,867,49671000,0
334,1421406763,360995353,20,40,39,1783,49750002,0
334,1421406763,360995353,1,40,39,454,50720002,1
334,1421406763,360995353,13,40,37,371,49763002,0
334,1421406763,361995340,22,40,39,827,49335002,0
335,1421406763,361995340,24,40,39,1787,50029002,0
335,1421406763,361995340,15,40,39,1023,50723002,6
335,1421406763,361995340,23,40,39,1023,50057002,0
335,1421406763,362995327,17,40,39,454,51389002,1
335,1421406763,362995327,30,40,39,867,50629000,14
336,1421406763,362995327,14,40,39,827,50079002,0
336,1421406763,362995327,28,40,39,1822,51227000,3
336,1421406763,363995314,50,40,39,867,50534000,1
336,1421406763,363995314,43,40,41,1038,50717000,4
336,1421406763,364995301,32,40,40,1820,50436000,10
337,1421406763,364995301,3,40,39,1023,50208002,0
337,1421406763,364995301,27,40,40,1026,47676000,0
337,1421406763,365995288,34,40,39,857,50205000,0
337,1421406763,367995263,47,40,41,1038,50098000,0
337,1421406763,367995263,45,40,39,542,50435000,1
338,1421406763,368995250,49,40,39,542,50046000,0
338,1421406763,368995250,10,40,39,825,49018000,0
338,1421406763,368995250,19,40,39,1023,48770000,0
338,1421406763,369995237,12,40,38,1757,49338000,0
338,1421406763,369995237,8,40,37,1757,48918000,0
339,1421406763,369995237,6,40,39,825,50788002,2
339,1421406763,369995237,21,40,39,454,49110000,0
339,1421406763,370995224,2,40,39,825,49359000,0
339,1421406763,370995224,9,40,38,371,49688000,0
339,1421406763,370995224,16,40,39,1787,51063002,2
340,1421406763,371995211,5,40,39,454,49630000,0
340,1421406763,371995211,4,40,39,1787,49525000,0
340,1421406763,371995211,7,40,39,1027,49139000,0
340,1421406763,371995211,25,40,39,454,50634002,15
340,1421406763,372995198,11,40,39,1023,51537002,2
341,1421406763,372995198,35,40,39,1012,50214000,0
341,1421406763,372995198,46,40,39,863,47857000,0
341,1421406763,372995198,40,40,40,1820,46306000,0
341,1421406763,373995185,36,40,40,1820,46149000,0
341,1421406763,373995185,41,40,39,542,49524000,0
342,1421406763,373995185,39,40,39,1012,49387000,0
342,1421406763,374995173,18,40,39,828,50465000,1
342,1421406763,374995173,48,40,40,1820,35402000,0
342,1421406763,376995147,26,40,39,867,30968000,0
342,1421406763,392994941,33,40,39,542,50197000,0
343,1421406763,392994941,31,40,39,1012,49394000,0
343,1421406763,409994722,29,40,39,542,50718000,3
343,1421406763,410994709,37,40,39,542,50055000,0
343,1421406763,410994709,42,40,39,851,48660000,0
343,1421406763,411994696,38,40,39,867,47634000,0
344,1421406763,411994696,44,40,39,1822,50047000,0
344,1421406763,412994683,1,40,39,454,49901000,0
344,1421406763,412994683,13,40,38,371,50621000,7
344,1421406763,413994670,24,40,39,1787,50127000,0
344,1421406763,414994658,22,40,39,828,49268000,0
345,1421406763,416994632,17,40,39,454,51395000,1
345,1421406763,416994632,15,40,39,1023,50837000,0
345,1421406763,418994606,14,40,39,828,49852000,0
345,1421406763,418994606,20,40,39,1783,50776000,0
345,1421406763,419994593,23,40,39,1023,50600000,0
346,1421406763,419994593,50,40,39,867,50946000,5
346,1421406763,420994580,43,40,39,1026,48054000,0
346,1421406763,420994580,28,40,38,1805,47791000,0
346,1421406763,421994567,30,40,39,863,49332000,0
346,1421406763,421994567,32,40,40,1820,52145000,2
347,1421406763,422994555,3,40,39,1023,50881000,19
347,1421406763,422994555,27,40,40,1026,46395000,0
347,1421406763,423994542,34,40,39,857,49895000,0
347,1421406763,424994529,47,40,41,1038,50269000,0
347,1421406763,424994529,45,40,39,542,50720000,1
348,1421406763,425994516,49,40,39,542,49078000,0
348,1421406763,425994516,19,40,39,1023,49004000,0
348,1421406763,426994503,10,40,39,825,50413000,0
348,1421406763,426994503,8,40,38,1757,49119000,0
348,1421406763,427994490,12,40,39,1757,50089000,0
349,1421406763,427994490,6,40,39,825,50166000,0
349,1421406763,428994477,21,40,39,454,49813000,0
349,1421406763,429994464,9,40,39,371,49518000,0
349,1421406763,429994464,2,40,39,825,51025000,1
349,1421406763,430994452,16,40,39,1783,49745000,0
350,1421406763,430994452,5,40,39,454,49721000,0
350,1421406763,431994439,11,40,39,1023,49549000,0
350,1421406763,431994439,7,40,39,1027,51294000,3
350,1421406763,431994439,35,40,39,1012,50950000,11
350,1421406763,432994426,25,40,39,454,49923000,0
351,1421406763,432994426,4,40,39,1787,50407000,0
351,1421406763,433994413,46,40,39,863,52062000,14
351,1421406763,433994413,40,40,40,1820,50372000,3
351,1421406763,434994400,36,40,40,1820,51074000,4
351,1421406763,434994400,41,40,37,514,46458000,0
352,1421406763,434994400,39,40,39,1012,50545000,1
352,1421406763,435994387,18,40,39,828,47633000,0
352,1421406763,435994387,48,40,40,1820,35321000,0
352,1421406763,436994374,26,40,39,863,50491000,2
352,1421406763,442994297,33,40,39,542,50165000,0
353,1421406763,442994297,29,40,39,542,50128000,0
353,1421406763,459994078,37,40,39,542,50269000,0
353,1421406763,460994065,38,40,39,863,49966000,0
353,1421406763,460994065,44,40,39,1822,50737000,4
353,1421406763,460994065,31,40,40,1026,50306000,0
354,1421406763,461994052,42,40,39,851,50460000,0
354,1421406763,461994052,1,40,39,454,48958000,0
354,1421406763,462994040,13,40,39,371,49804000,0
354,1421406763,462994040,22,40,39,828,49433000,0
354,1421406763,463994027,24,40,39,1783,49799000,0
355,1421406763,463994027,17,40,39,454,48796000,0
355,1421406763,464994014,15,40,39,1023,49846000,0
355,1421406763,464994014,20,40,39,1783,49559000,0
355,1421406763,464994014,23,40,39,1023,48683000,0
355,1421406763,465994001,14,40,39,828,49841000,0
356,1421406763,465994001,43,40,39,1026,51267000,11
356,1421406763,466993988,50,40,39,867,51312000,5
356,1421406763,466993988,30,40,39,863,50952000,1
356,1421406763,466993988,28,40,39,1805,50765000,1
356,1421406763,467993975,32,40,40,1820,49277000,0
357,1421406763,467993975,3,40,39,1023,49791000,0
357,1421406763,468993962,27,40,40,1026,50522000,1
357,1421406763,468993962,45,40,39,542,50422000,1
357,1421406763,469993949,47,40,39,1026,49398000,0
357,1421406763,469993949,34,40,39,857,50215000,0
358,1421406763,469993949,49,40,39,542,49252000,0
358,1421406763,470993937,19,40,39,1023,48787000,0
358,1421406763,470993937,10,40,39,825,49161000,0
358,1421406763,471993924,12,40,39,1757,49843000,0
358,1421406763,471993924,8,40,39,1757,48971000,0
359,1421406763,471993924,6,40,39,825,49701000,0
359,1421406763,472993911,21,40,39,454,50062000,0
359,1421406763,472993911,2,40,39,831,50119000,0
359,1421406763,472993911,9,40,39,371,49538000,0
359,1421406763,473993898,35,40,40,1026,48668000,0
360,1421406763,473993898,16,40,39,1783,49197000,0
360,1421406763,473993898,5,40,34,403,49564000,0
360,1421406763,474993885,11,40,39,1023,49089000,0
360,1421406763,474993885,7,40,39,1027,50143000,0
360,1421406763,474993885,25,40,39,454,49459000,0
361,1421406763,475993872,4,40,39,1783,50646000,2
361,1421406763,475993872,46,40,39,857,50032000,0
361,1421406763,475993872,40,40,39,1815,49817000,0
361,1421406763,476993859,36,40,40,1820,49944000,0
361,1421406763,476993859,41,40,38,514,50353000,1
362,1421406763,476993859,39,40,40,1026,49365000,0
362,1421406763,477993846,18,40,39,825,47822000,0
362,1421406763,477993846,48,40,40,1820,50449000,1
362,1421406763,478993834,33,40,39,542,32391000,0
362,1421406763,492993653,26,40,39,863,50358000,0
363,1421406763,493993640,29,40,39,542,49966000,0
363,1421406763,510993422,37,40,39,542,50050000,0
363,1421406763,510993422,38,40,39,863,48729000,0
363,1421406763,511993409,44,40,38,1805,49270000,0
363,1421406763,511993409,42,40,39,851,50333000,0
364,1421406763,512993396,31,40,40,1026,49742000,0
364,1421406763,512993396,17,40,34,403,50905000,1
364,1421406763,512993396,1,40,34,403,49750000,0
364,1421406763,513993383,24,40,39,1783,50157000,0
364,1421406763,513993383,15,40,39,1022,50413000,4
365,1421406763,513993383,20,40,37,1757,49669000,0
365,1421406763,514993370,22,40,39,828,49883000,0
365,1421406763,514993370,13,40,39,371,49484000,0
365,1421406763,515993357,14,40,39,828,50295000,0
365,1421406763,515993357,50,40,39,863,49628000,0
366,1421406763,515993357,43,40,39,1026,49820000,0
366,1421406763,516993344,28,40,39,1805,51158000,6
366,1421406763,516993344,23,40,39,1023,50108000,0
366,1421406763,516993344,30,40,39,863,50935000,5
366,1421406763,517993332,3,40,39,1023,50944000,19
367,1421406763,517993332,32,40,40,1820,50807000,5
367,1421406763,518993319,27,40,41,1037,50281000,0
367,1421406763,518993319,47,40,39,1026,50040000,0
367,1421406763,518993319,45,40,39,542,50086000,0
367,1421406763,519993306,34,40,39,856,50319000,0
368,1421406763,519993306,49,40,39,542,49918000,0
368,1421406763,520993293,10,40,39,825,50022000,0
368,1421406763,520993293,19,40,39,1022,49084000,0
368,1421406763,520993293,12,40,39,1751,50001000,0
368,1421406763,521993280,8,40,39,1757,49581000,0
369,1421406763,521993280,35,40,40,1026,50825000,8
369,1421406763,521993280,6,40,39,825,49838000,0
369,1421406763,522993267,21,40,34,403,49514000,0
369,1421406763,522993267,9,40,39,371,49577000,0
369,1421406763,522993267,2,40,39,831,49376000,0
370,1421406763,523993254,5,40,35,403,50100000,0
370,1421406763,523993254,16,40,39,1783,49254000,0
370,1421406763,524993241,4,40,39,1783,50377000,0
370,1421406763,524993241,7,40,39,1027,49999000,0
370,1421406763,524993241,25,40,34,403,49399000,0
371,1421406763,525993229,11,40,39,1023,51176000,2
371,1421406763,525993229,46,40,39,857,50283000,0
371,1421406763,526993216,36,40,40,1820,50201000,0
371,1421406763,526993216,41,40,39,514,50204000,0
371,1421406763,527993203,40,40,39,1815,51817000,6
372,1421406763,527993203,39,40,40,1026,50477000,1
372,1421406763,528993190,18,40,39,825,47800000,0
372,1421406763,528993190,48,40,39,1815,35223000,0
372,1421406763,529993177,26,40,39,863,50316000,0
372,1421406763,542993010,33,40,39,542,50537000,2
373,1421406763,543992997,37,40,39,542,49924000,0
373,1421406763,560992778,44,40,39,1805,49863000,0
373,1421406763,560992778,29,40,39,542,49960000,0
373,1421406763,561992765,38,40,39,863,48879000,0
373,1421406763,562992752,42,40,38,839,50371000,0
374,1421406763,562992752,31,40,40,1026,50378000,0
374,1421406763,563992739,1,40,35,403,48789000,0
374,1421406763,563992739,20,40,38,1757,49789000,0
374,1421406763,564992726,24,40,39,1783,49862000,0
374,1421406763,564992726,22,40,39,825,49098000,0
375,1421406763,565992714,50,40,39,863,51322000,13
375,1421406763,566992701,43,40,39,1023,50796000,5
375,1421406763,566992701,13,40,39,371,51044000,5
375,1421406763,567992688,15,40,39,1022,50234000,0
375,1421406763,568992675,14,40,39,825,49992000,0
376,1421406763,568992675,28,40,39,1806,50023000,0
376,1421406763,569992662,23,40,39,1022,49968000,0
376,1421406763,569992662,30,40,39,857,50272000,0
376,1421406763,571992636,3,40,39,1022,49836000,0
376,1421406763,572992623,32,40,39,1815,50803000,14
377,1421406763,572992623,17,40,35,403,51439000,0
377,1421406763,573992611,27,40,41,1037,47523000,0
377,1421406763,573992611,45,40,39,542,50481000,3
377,1421406763,574992598,34,40,39,856,50296000,0
377,1421406763,575992585,47,40,39,1026,50145000,0
378,1421406763,576992572,49,40,39,542,50315000,0
378,1421406763,576992572,19,40,39,1022,48504000,0
378,1421406763,577992559,10,40,39,823,48494000,0
378,1421406763,577992559,12,40,39,1751,50111000,0
378,1421406763,578992546,8,40,39,1751,49396000,0
379,1421406763,579992533,35,40,40,1026,49108000,0
379,1421406763,579992533,6,40,39,823,49962000,0
379,1421406763,580992520,21,40,35,403,49835000,0
379,1421406763,580992520,9,40,39,371,50014000,0
379,1421406763,581992508,2,40,39,831,49157000,0
380,1421406763,581992508,16,40,37,1757,49351000,0
380,1421406763,581992508,5,40,36,403,49582000,0
380,1421406763,582992495,4,40,39,1783,49553000,0
380,1421406763,583992482,7,40,39,1033,50003000,0
380,1421406763,583992482,25,40,35,403,49953000,0
381,1421406763,584992469,11,40,39,1022,48909000,0
381,1421406763,584992469,46,40,39,857,49728000,0
381,1421406763,585992456,36,40,39,1815,51686000,16
381,1421406763,585992456,41,40,39,514,50533000,2
381,1421406763,586992443,40,40,39,1815,50153000,0
382,1421406763,586992443,39,40,40,1026,49505000,0
382,1421406763,587992430,18,40,39,825,47671000,0
382,1421406763,587992430,48,40,39,1815,50526000,1
382,1421406763,587992430,26,40,39,857,50295000,0
382,1421406763,593992353,33,40,39,542,50179000,0
383,1421406763,594992340,44,40,39,1805,50161000,0
383,1421406763,609992147,37,40,39,542,49858000,0
383,1421406763,611992121,38,40,39,857,48672001,0
383,1421406763,612992108,29,40,39,542,48087000,0
383,1421406763,613992096,42,40,39,839,50104001,0
384,1421406763,614992083,31,40,41,1037,48587000,0
384,1421406763,615992070,20,40,39,1757,49101000,0
384,1421406763,617992044,22,40,39,825,49845000,0
384,1421406763,618992031,24,40,37,1757,50047000,0
384,1421406763,619992018,13,40,39,371,49028000,0
385,1421406763,619992018,50,40,39,863,50164000,0
385,1421406763,620992005,15,40,39,1022,50210000,0
385,1421406763,621991993,43,40,39,1023,50468000,2
385,1421406763,621991993,14,40,39,825,49860000,0
385,1421406763,622991980,1,40,36,403,50853000,0
386,1421406763,622991980,28,40,39,1806,49598000,0
386,1421406763,622991980,30,40,39,857,50706000,12
386,1421406763,623991967,23,40,39,1022,50852000,13
386,1421406763,623991967,3,40,39,1022,50525000,4
386,1421406763,624991954,32,40,39,1815,50099000,0
387,1421406763,624991954,17,40,36,403,50125000,0
387,1421406763,624991954,27,40,41,1037,50657000,1
387,1421406763,625991941,45,40,39,542,50230000,0
387,1421406763,625991941,34,40,39,856,50304001,0
387,1421406763,626991928,47,40,39,1023,50152000,0
388,1421406763,626991928,49,40,39,542,50102001,0
388,1421406763,627991915,10,40,39,823,49178000,0
388,1421406763,627991915,19,40,39,1022,48598000,0
388,1421406763,628991902,12,40,39,1751,49867000,0
388,1421406763,628991902,8,40,39,1751,49681000,0
389,1421406763,629991890,6,40,39,823,50015000,0
389,1421406763,629991890,35,40,41,1037,48793000,0
389,1421406763,629991890,2,40,39,831,49200000,0
389,1421406763,630991877,16,40,38,1757,49895000,0
389,1421406763,630991877,9,40,37,347,49392000,0
390,1421406763,631991864,4,40,37,1757,49353000,0
390,1421406763,631991864,25,40,36,403,51178000,2
390,1421406763,632991851,7,40,39,1033,50207000,0
390,1421406763,632991851,11,40,39,1022,50399000,1
390,1421406763,633991838,5,40,37,403,49706000,0
391,1421406763,633991838,21,40,36,403,49899000,0
391,1421406763,634991825,46,40,39,856,50356000,1
391,1421406763,634991825,36,40,39,1815,50026000,0
391,1421406763,634991825,41,40,39,514,51379001,16
391,1421406763,635991812,40,40,40,1833,49820001,0
392,1421406763,635991812,39,40,41,1037,49492000,0
392,1421406763,636991799,18,40,39,825,50569000,1
392,1421406763,636991799,48,40,39,1815,50404000,0
392,1421406763,637991787,33,40,39,542,50264001,0
392,1421406763,643991709,26,40,39,857,50316000,0
393,1421406763,643991709,29,40,39,542,50367001,0
393,1421406763,661991478,37,40,39,542,49682000,0
393,1421406763,661991478,44,40,39,1806,50124001,0
393,1421406763,662991465,38,40,39,857,50167000,0
393,1421406763,662991465,42,40,39,839,50112000,0
394,1421406763,663991452,31,40,41,1037,50411001,1
394,1421406763,663991452,20,40,39,1757,49923000,0
394,1421406763,663991452,24,40,38,1757,49464000,0
394,1421406763,664991439,50,40,39,857,49445001,0
394,1421406763,664991439,13,40,37,347,49228000,0
395,1421406763,664991439,14,40,39,825,50623000,11
395,1421406763,665991426,43,40,39,1023,50867000,6
395,1421406763,665991426,1,40,37,403,51040000,1
395,1421406763,666991413,15,40,39,1022,49381000,0
395,1421406763,666991413,28,40,39,1806,51232000,6
396,1421406763,666991413,30,40,39,857,51187000,6
396,1421406763,667991400,22,40,39,825,50488000,0
396,1421406763,667991400,23,40,39,1022,50493000,3
396,1421406763,667991400,3,40,39,1022,51412000,15
396,1421406763,668991387,32,40,39,1815,50190001,0
397,1421406763,668991387,17,40,37,403,52146000,19
397,1421406763,669991375,27,40,41,1037,50318001,0
397,1421406763,669991375,34,40,39,856,50190001,0
397,1421406763,669991375,45,40,39,542,49996000,0
397,1421406763,670991362,47,40,39,1023,50168001,0
398,1421406763,670991362,49,40,39,542,49988001,0
398,1421406763,671991349,8,40,39,1751,49251000,0
398,1421406763,672991336,10,40,39,823,48841000,0
398,1421406763,673991323,12,40,40,1769,49711000,0
398,1421406763,674991310,35,40,41,1037,50404000,5
399,1421406763,674991310,16,40,39,1757,49020000,0
399,1421406763,675991297,6,40,39,823,49719000,0
399,1421406763,675991297,2,40,40,842,49429000,0
399,1421406763,675991297,25,40,37,403,49671000,0
399,1421406763,676991284,9,40,38,347,48757000,0
400,1421406763,676991284,4,40,38,1757,48735000,0
400,1421406763,677991272,7,40,39,1033,49679000,0
400,1421406763,677991272,11,40,39,1022,50405000,9
400,1421406763,677991272,5,40,38,403,50211000,0
400,1421406763,678991259,21,40,37,403,50447000,0
401,1421406763,678991259,46,40,39,856,50588000,9
401,1421406763,679991246,36,40,39,1815,49838001,0
401,1421406763,680991233,19,40,39,1022,50502000,0
401,1421406763,681991220,40,40,40,1833,45867001,0
401,1421406763,682991207,41,40,39,514,49524001,0
402,1421406763,683991194,39,40,41,1037,49606001,0
402,1421406763,684991181,18,40,39,823,50340000,0
402,1421406763,685991169,48,40,40,1833,50423001,0
402,1421406763,686991156,33,40,39,542,50146001,0
402,1421406763,693991066,26,40,39,857,50265001,0
403,1421406763,694991053,29,40,39,542,46628001,0
403,1421406763,711990834,38,40,39,857,49315001,0
403,1421406763,712990821,37,40,39,542,46299001,0
403,1421406763,712990821,42,40,38,826,47555001,0
403,1421406763,713990808,44,40,39,1806,47838001,0
404,1421406763,713990808,31,40,41,1037,45340001,0
404,1421406763,714990795,50,40,39,857,46193001,0
404,1421406763,714990795,14,40,39,825,50858000,1
404,1421406763,715990782,20,40,39,1751,50783000,6
404,1421406763,715990782,13,40,38,347,47753000,0
405,1421406763,715990782,43,40,39,1023,47329001,0
405,1421406763,716990769,15,40,39,1022,50930000,6
405,1421406763,716990769,24,40,39,1757,51067000,6
405,1421406763,717990757,28,40,39,1805,48146001,0
405,1421406763,717990757,1,40,38,403,47736000,0
406,1421406763,717990757,30,40,39,856,46516001,0
406,1421406763,718990744,22,40,39,825,50206001,0
406,1421406763,718990744,23,40,39,1022,47611000,0
406,1421406763,719990731,3,40,39,1022,47397000,0
406,1421406763,720990718,32,40,40,1833,46852001,0
407,1421406763,721990705,17,40,38,403,47790000,0
407,1421406763,721990705,27,40,41,1038,50263001,0
407,1421406763,722990692,34,40,39,851,50133001,0
407,1421406763,722990692,45,40,39,542,50024001,0
407,1421406763,722990692,47,40,39,1023,49996001,0
408,1421406763,723990679,49,40,39,542,50169001,0
