Simulation time,DDS time seconds,DDS time nanoseconds,Turbine Id,Setpoint,Current production,Max production,MS since last write,Cache count
0,1417724693,221997142,59,100,99,960,20364001,0
0,1417724693,272996486,51,100,99,960,20029001,0
0,1417724693,273996473,58,100,101,1869,20042001,0
1,1417724693,273996473,54,100,104,1833,19646001,0
1,1417724693,273996473,56,100,99,1389,19783001,0
1,1417724693,273996473,57,100,101,736,20178001,0
1,1417724693,273996473,50,100,101,1787,19872001,0
1,1417724693,273996473,53,100,101,736,19393001,0
2,1417724693,273996473,55,100,99,960,20102001,0
2,1417724693,273996473,52,100,99,1389,19988001,0
2,1417724693,273996473,59,100,99,960,19331001,0
2,1417724693,287996293,54,100,103,1833,20244001,0
2,1417724693,289996267,56,100,98,1373,19987001,0
3,1417724693,290996254,58,100,109,1977,20266001,0
3,1417724693,290996254,57,100,101,736,20216001,0
3,1417724693,290996254,51,100,99,960,20356001,0
3,1417724693,290996254,53,100,103,773,20340001,6
3,1417724693,290996254,50,100,104,1833,20678001,3
4,1417724693,290996254,52,100,98,1373,20116001,0
4,1417724693,290996254,55,100,99,960,20219001,0
4,1417724693,290996254,59,100,99,960,19479001,0
4,1417724693,307996035,56,100,99,1373,20024001,0
4,1417724693,310995997,54,100,102,1833,20099001,0
5,1417724693,310995997,51,100,99,958,20160001,0
5,1417724693,310995997,58,100,108,1977,20053001,0
5,1417724693,310995997,57,100,101,736,20128001,0
5,1417724693,311995984,53,100,102,773,20260001,1
5,1417724693,311995984,50,100,103,1833,20127001,0
6,1417724693,312995971,55,100,99,958,20131001,0
6,1417724693,312995971,52,100,99,1373,20191001,0
6,1417724693,312995971,59,100,99,958,20303001,1
6,1417724693,328995765,54,100,101,1833,20152001,0
6,1417724693,330995739,56,100,99,1373,20172001,0
7,1417724693,330995739,58,100,107,1977,20207001,0
7,1417724693,330995739,57,100,101,736,20099001,0
7,1417724693,330995739,51,100,99,958,20189001,0
7,1417724693,331995726,50,100,102,1833,20304001,2
7,1417724693,331995726,53,100,101,773,19450001,0
8,1417724693,331995726,52,100,99,1373,20189001,0
8,1417724693,331995726,55,100,99,958,20043001,0
8,1417724693,331995726,59,100,99,958,20397001,2
8,1417724693,347995520,57,100,101,736,20142001,0
8,1417724693,350995482,58,100,109,2017,20148001,0
9,1417724693,350995482,54,100,103,1869,20116001,0
9,1417724693,350995482,56,100,99,1373,20184001,0
9,1417724693,351995469,51,100,99,958,20157001,0
9,1417724693,351995469,50,100,101,1833,20354001,2
9,1417724693,351995469,53,100,101,773,19583001,0
10,1417724693,351995469,52,100,99,1373,20196001,0
10,1417724693,351995469,55,100,99,958,20226001,0
10,1417724693,351995469,59,100,99,958,20272001,0
10,1417724693,367995263,57,100,103,773,20190001,0
10,1417724693,370995224,58,100,108,2017,20034001,0
11,1417724693,370995224,54,100,102,1869,19997001,0
11,1417724693,371995211,51,100,99,958,20061001,0
11,1417724693,371995211,56,100,98,1360,20223001,0
11,1417724693,371995211,50,100,103,1869,20340001,2
11,1417724693,371995211,53,100,101,773,20254001,1
12,1417724693,371995211,52,100,98,1360,20243001,0
12,1417724693,371995211,55,100,99,958,20221001,0
12,1417724693,371995211,59,100,99,958,20328001,0
12,1417724693,388994992,57,100,102,773,20122001,0
12,1417724693,391994954,58,100,107,2017,20200001,0
13,1417724693,391994954,54,100,101,1869,19990001,0
13,1417724693,391994954,51,100,99,958,20268001,0
13,1417724693,391994954,56,100,99,1360,20347001,0
13,1417724693,391994954,50,100,102,1869,20413001,0
13,1417724693,391994954,53,100,101,773,20578001,0
14,1417724693,391994954,52,100,99,1360,20037001,0
14,1417724693,391994954,55,100,99,958,20172001,0
14,1417724693,391994954,59,100,99,958,20186001,0
14,1417724693,408994735,54,100,109,1977,20037001,0
14,1417724693,411994696,58,100,106,2017,20251001,0
15,1417724693,411994696,57,100,101,773,20144001,0
15,1417724693,411994696,51,100,99,958,20161001,0
15,1417724693,411994696,56,100,99,1360,20042001,0
15,1417724693,411994696,50,100,101,1869,20041001,0
15,1417724693,411994696,53,100,101,773,20167001,0
16,1417724693,411994696,52,100,99,1360,19927001,0
16,1417724693,411994696,55,100,99,958,20433001,1
16,1417724693,412994683,59,100,99,958,20176001,0
16,1417724693,428994477,58,100,110,2086,20069001,0
16,1417724693,431994439,57,100,101,773,20223002,0
17,1417724693,431994439,56,100,98,1342,20283002,1
17,1417724693,431994439,51,100,99,958,20249001,0
17,1417724693,431994439,54,100,108,1977,20055002,0
17,1417724693,431994439,50,100,109,1977,20230002,1
17,1417724693,432994426,53,100,101,773,20164001,0
18,1417724693,432994426,52,100,98,1342,20270001,1
18,1417724693,432994426,55,100,99,958,20065001,0
18,1417724693,432994426,59,100,99,958,20253001,0
18,1417724693,448994220,58,100,109,2086,19908001,0
18,1417724693,451994181,56,100,99,1342,20399001,3
19,1417724693,452994168,51,100,99,951,20318001,0
19,1417724693,452994168,57,100,101,773,20450001,0
19,1417724693,452994168,54,100,107,1977,20556001,4
19,1417724693,452994168,50,100,108,1977,20341002,5
19,1417724693,452994168,53,100,101,773,20597001,2
20,1417724693,452994168,52,100,99,1342,20240001,0
20,1417724693,452994168,55,100,99,951,20523001,1
20,1417724693,452994168,59,100,99,951,20238002,0
20,1417724693,469993949,51,100,99,951,20121002,0
20,1417724693,472993911,58,100,108,2086,19968002,0
21,1417724693,472993911,57,100,101,773,20122002,0
21,1417724693,472993911,54,100,109,2017,20223002,2
21,1417724693,472993911,53,100,101,773,20216001,0
21,1417724693,472993911,50,100,107,1977,20141002,0
21,1417724693,472993911,56,100,99,1342,20189002,0
22,1417724693,472993911,52,100,99,1342,20142002,0
22,1417724693,472993911,55,100,99,951,19971001,0
22,1417724693,472993911,59,100,99,951,20271002,0
22,1417724693,489993692,58,100,114,2169,20274002,0
22,1417724693,492993653,57,100,101,773,20204002,0
23,1417724693,492993653,51,100,99,951,20114002,0
23,1417724693,492993653,54,100,108,2017,20195002,0
23,1417724693,492993653,53,100,101,773,20346002,6
23,1417724693,492993653,50,100,109,2017,20379002,0
23,1417724693,493993640,56,100,98,1330,20445002,0
24,1417724693,493993640,52,100,98,1330,20203002,0
24,1417724693,493993640,55,100,99,951,20394001,3
24,1417724693,493993640,59,100,99,951,20271002,0
24,1417724693,509993434,57,100,101,773,20072002,0
24,1417724693,512993396,51,100,99,953,19890002,0
25,1417724693,512993396,58,100,112,2169,19515002,0
25,1417724693,513993383,56,100,99,1330,20113001,0
25,1417724693,513993383,53,100,101,773,20119002,0
25,1417724693,513993383,50,100,108,2017,19588002,0
25,1417724693,513993383,54,100,107,2017,19749001,0
26,1417724693,513993383,52,100,99,1330,20244002,1
26,1417724693,513993383,55,100,99,953,20370002,4
26,1417724693,513993383,59,100,99,953,20219002,0
26,1417724693,529993177,57,100,101,773,19992002,0
26,1417724693,532993138,51,100,99,953,19883002,0
27,1417724693,532993138,58,100,110,2169,20081002,0
27,1417724693,533993126,53,100,101,773,20083002,0
27,1417724693,533993126,54,100,106,2017,20387002,0
27,1417724693,533993126,52,100,99,1330,20144002,0
27,1417724693,533993126,56,100,99,1330,20076002,0
28,1417724693,533993126,50,100,107,2017,20441002,0
28,1417724693,533993126,55,100,99,953,20164002,0
28,1417724693,533993126,59,100,99,953,20315002,1
28,1417724693,550992907,57,100,101,773,20063002,0
28,1417724693,553992868,58,100,114,2235,20044002,0
29,1417724693,553992868,51,100,99,953,19991002,0
29,1417724693,553992868,54,100,110,2086,19997002,0
29,1417724693,553992868,56,100,99,1330,20172002,0
29,1417724693,553992868,52,100,99,1330,20398002,4
29,1417724693,553992868,53,100,101,773,20305002,0
30,1417724693,553992868,55,100,99,953,20172002,0
30,1417724693,553992868,50,100,106,2017,20256002,0
30,1417724693,553992868,59,100,99,953,20287002,0
30,1417724693,570992649,51,100,100,967,20203002,0
30,1417724693,573992611,58,100,112,2235,19931002,0
31,1417724693,573992611,57,100,101,773,20083002,0
31,1417724693,573992611,53,100,101,773,20314002,7
31,1417724693,573992611,52,100,99,1326,20026002,0
31,1417724693,573992611,54,100,109,2086,20063002,0
31,1417724693,573992611,55,100,100,967,20453002,3
32,1417724693,574992598,50,100,110,2086,20295002,2
32,1417724693,574992598,56,100,99,1326,20461002,1
32,1417724693,574992598,59,100,100,967,20353002,2
32,1417724693,590992392,51,100,100,967,20127002,0
32,1417724693,593992353,58,100,110,2235,20240002,0
33,1417724693,593992353,57,100,101,773,20288002,0
33,1417724693,593992353,53,100,101,773,20156002,0
33,1417724693,593992353,52,100,99,1326,20380002,5
33,1417724693,594992340,54,100,108,2086,20466002,0
33,1417724693,594992340,55,100,100,967,20461002,4
34,1417724693,594992340,50,100,109,2086,20289002,8
34,1417724693,594992340,56,100,99,1326,20622002,1
34,1417724693,594992340,59,100,100,967,20192002,0
34,1417724693,611992121,57,100,101,773,20085002,0
34,1417724693,613992096,53,100,101,773,20090002,0
35,1417724693,613992096,51,100,100,967,20232002,0
35,1417724693,614992083,58,100,109,2235,19858002,0
35,1417724693,614992083,52,100,99,1326,20104002,0
35,1417724693,614992083,54,100,114,2169,20267002,3
35,1417724693,614992083,55,100,100,967,20234002,2
36,1417724693,614992083,50,100,108,2086,20593002,1
36,1417724693,614992083,56,100,99,1326,20045002,0
36,1417724693,614992083,59,100,100,967,20275002,0
36,1417724693,631991864,57,100,101,773,20084002,0
36,1417724693,634991825,53,100,101,773,20004002,0
37,1417724693,634991825,58,100,113,2300,19976002,0
37,1417724693,634991825,51,100,100,967,20226002,0
37,1417724693,634991825,52,100,99,1331,20078002,0
37,1417724693,634991825,55,100,100,967,20041002,0
37,1417724693,634991825,54,100,112,2169,19888002,0
38,1417724693,634991825,50,100,114,2169,20101002,0
38,1417724693,635991812,56,100,99,1331,20406002,1
38,1417724693,635991812,59,100,100,967,20258002,0
38,1417724693,651991606,57,100,101,773,20093002,0
38,1417724693,654991568,53,100,101,773,19874002,0
39,1417724693,654991568,58,100,111,2300,20186002,0
39,1417724693,654991568,51,100,100,976,20215002,0
39,1417724693,654991568,55,100,100,976,20131002,0
39,1417724693,654991568,52,100,99,1331,19957002,0
39,1417724693,654991568,54,100,110,2169,19999002,0
40,1417724693,655991555,50,100,112,2169,20159002,0
40,1417724693,655991555,56,100,99,1331,20332002,5
40,1417724693,655991555,59,100,100,976,20341002,2
40,1417724693,671991349,53,100,101,773,20103002,0
40,1417724693,674991310,57,100,101,773,19861002,0
41,1417724693,674991310,51,100,100,976,19919002,0
41,1417724693,674991310,55,100,100,976,20048002,0
41,1417724693,674991310,52,100,99,1331,20210002,0
41,1417724693,674991310,50,100,110,2169,20081002,0
41,1417724693,674991310,58,100,109,2300,20330002,0
42,1417724693,675991297,54,100,114,2235,20095002,0
42,1417724693,675991297,56,100,99,1331,20126002,0
42,1417724693,675991297,59,100,100,976,20230002,0
42,1417724693,692991078,55,100,100,976,19982002,0
42,1417724693,694991053,52,100,99,1337,20299002,0
43,1417724693,695991040,57,100,101,773,19984002,0
43,1417724693,695991040,50,100,114,2235,20352002,1
43,1417724693,695991040,58,100,111,2345,20314002,0
43,1417724693,695991040,51,100,100,976,20425002,0
43,1417724693,695991040,54,100,112,2235,20403002,0
44,1417724693,695991040,56,100,99,1337,20454002,0
44,1417724693,695991040,53,100,101,773,20559002,0
44,1417724693,695991040,59,100,100,976,20336000,0
44,1417724693,712990821,57,100,101,773,19934000,0
44,1417724693,715990782,52,100,99,1337,20168000,0
45,1417724693,715990782,58,100,109,2345,20118000,0
45,1417724693,715990782,50,100,112,2235,19993000,0
45,1417724693,715990782,54,100,110,2235,19981000,0
45,1417724693,715990782,51,100,99,974,20037000,0
45,1417724693,715990782,55,100,99,974,19881000,0
46,1417724693,715990782,56,100,99,1337,20077000,0
46,1417724693,716990769,53,100,101,773,20354000,0
46,1417724693,716990769,59,100,99,974,19952000,0
46,1417724693,732990563,52,100,99,1337,20196000,0
46,1417724693,735990525,57,100,101,773,19907000,0
47,1417724693,735990525,50,100,110,2235,20173000,0
47,1417724693,735990525,58,100,108,2345,20059000,0
47,1417724693,735990525,54,100,109,2235,20107000,0
47,1417724693,735990525,51,100,99,974,19972000,0
47,1417724693,735990525,56,100,99,1337,20243000,0
48,1417724693,736990512,55,100,99,974,20205000,0
48,1417724693,736990512,53,100,101,773,20078000,0
48,1417724693,736990512,59,100,99,974,20481000,1
48,1417724693,752990306,57,100,101,773,19860000,0
48,1417724693,755990267,52,100,99,1337,20020000,0
49,1417724693,755990267,58,100,108,2361,20028000,0
49,1417724693,755990267,50,100,109,2235,19953000,0
49,1417724693,756990254,51,100,99,974,20299000,7
49,1417724693,756990254,54,100,113,2300,20058000,0
49,1417724693,756990254,55,100,99,974,20334000,1
50,1417724693,756990254,56,100,99,1337,20342000,1
50,1417724693,756990254,53,100,101,773,20331000,4
50,1417724693,756990254,59,100,99,974,20200000,0
50,1417724693,773990036,57,100,101,773,19970000,0
50,1417724693,775990010,52,100,99,1332,20143000,0
51,1417724693,775990010,54,100,111,2300,20051000,0
51,1417724693,775990010,55,100,99,983,20175000,0
51,1417724693,776989997,56,100,99,1332,20356000,5
51,1417724693,776989997,58,100,107,2361,20218000,0
51,1417724693,776989997,53,100,101,773,20180000,0
52,1417724693,776989997,51,100,99,983,20217000,0
52,1417724693,776989997,50,100,113,2300,20215000,0
52,1417724693,776989997,59,100,99,983,20352000,1
52,1417724693,793989778,52,100,99,1332,19978000,0
52,1417724693,796989740,57,100,101,773,19990000,0
53,1417724693,796989740,55,100,99,983,20327000,6
53,1417724693,796989740,54,100,109,2300,20001000,0
53,1417724693,796989740,56,100,99,1332,20330000,2
53,1417724693,796989740,58,100,106,2361,20428000,0
53,1417724693,796989740,51,100,99,983,20362000,0
54,1417724693,796989740,53,100,101,773,20614000,3
54,1417724693,796989740,50,100,111,2300,20984000,0
54,1417724693,796989740,59,100,99,983,20431000,0
54,1417724693,813989521,52,100,99,1332,20237000,0
54,1417724693,816989482,57,100,101,773,19977000,0
55,1417724693,816989482,54,100,111,2345,19062000,0
55,1417724693,816989482,56,100,99,1332,19202000,0
55,1417724693,816989482,55,100,99,983,19270000,0
55,1417724693,816989482,58,100,105,2361,20048000,0
55,1417724693,816989482,53,100,106,840,20094000,0
56,1417724693,816989482,51,100,99,983,20336000,5
56,1417724693,817989469,50,100,109,2300,19957000,0
56,1417724693,817989469,59,100,99,983,19565000,0
56,1417724693,834989250,57,100,101,773,20203000,0
56,1417724693,836989225,52,100,98,1315,20239000,0
57,1417724693,836989225,54,100,109,2345,20149000,0
57,1417724693,836989225,56,100,98,1315,20277000,1
57,1417724693,836989225,55,100,99,983,20426000,4
57,1417724693,837989212,53,100,105,840,20225000,0
57,1417724693,837989212,51,100,99,983,20686000,5
58,1417724693,837989212,58,100,101,2324,20095000,0
58,1417724693,837989212,50,100,111,2345,18815000,0
58,1417724693,837989212,59,100,99,983,20304000,1
58,1417724693,854988993,52,100,99,1315,20225000,0
58,1417724693,856988967,57,100,101,773,20184000,0
59,1417724693,856988967,54,100,108,2345,20235000,0
59,1417724693,857988954,56,100,99,1315,20427000,3
59,1417724693,857988954,55,100,99,989,20201000,0
59,1417724693,857988954,53,100,104,840,20251000,3
59,1417724693,857988954,58,100,101,2324,20183000,0
60,1417724693,857988954,51,100,99,989,20362000,0
60,1417724693,857988954,50,100,109,2345,20241000,1
60,1417724693,857988954,59,100,99,989,20270000,0
60,1417724693,874988735,54,100,108,2361,20237000,1
60,1417724693,877988697,57,100,101,773,19926000,0
61,1417724693,877988697,52,100,99,1315,20094000,0
61,1417724693,877988697,55,100,99,989,20056000,0
61,1417724693,877988697,56,100,99,1315,20082000,0
61,1417724693,877988697,53,100,103,840,20295000,3
61,1417724693,877988697,51,100,99,989,20091000,0
62,1417724693,877988697,58,100,101,2324,20287000,3
62,1417724693,878988684,50,100,108,2345,20575000,1
62,1417724693,878988684,59,100,99,989,20424000,0
62,1417724693,895988465,57,100,106,840,20293000,0
62,1417724693,897988439,52,100,98,1303,20323000,0
63,1417724693,897988439,55,100,99,989,20213000,0
63,1417724693,897988439,54,100,107,2361,20192000,0
63,1417724693,897988439,56,100,98,1303,20544000,2
63,1417724693,897988439,53,100,102,840,20347000,0
63,1417724693,897988439,51,100,99,989,20481000,3
64,1417724693,898988426,58,100,95,2256,20725000,9
64,1417724693,898988426,50,100,108,2361,20842000,12
64,1417724693,898988426,59,100,99,989,20375000,0
64,1417724693,915988207,57,100,105,840,20222000,0
64,1417724693,917988182,52,100,99,1303,20222000,0
65,1417724693,917988182,54,100,106,2361,19661000,0
65,1417724693,917988182,55,100,99,993,20148000,0
65,1417724693,917988182,56,100,99,1303,19926000,0
65,1417724693,917988182,51,100,99,993,20361000,1
65,1417724693,918988169,53,100,101,840,19927000,0
66,1417724693,918988169,58,100,96,2256,19683000,0
66,1417724693,918988169,50,100,107,2361,18351000,0
66,1417724693,918988169,59,100,99,993,20274000,0
66,1417724693,935987950,55,100,99,993,20232000,0
66,1417724693,937987924,54,100,105,2361,19748000,0
67,1417724693,937987924,57,100,104,840,20095000,0
67,1417724693,937987924,52,100,99,1303,20227000,0
67,1417724693,938987911,53,100,101,840,20359000,5
67,1417724693,938987911,51,100,99,993,20414000,5
67,1417724693,938987911,58,100,97,2256,20268000,3
68,1417724693,938987911,56,100,99,1303,20330000,5
68,1417724693,938987911,50,100,106,2361,20600000,14
68,1417724693,938987911,59,100,99,993,20259000,0
68,1417724693,956987680,52,100,99,1303,20209000,0
68,1417724693,957987667,57,100,103,840,20144000,0
69,1417724693,958987654,54,100,101,2324,20119000,0
69,1417724693,958987654,55,100,99,993,20194000,0
69,1417724693,958987654,51,100,99,993,20037000,0
69,1417724693,958987654,53,100,101,840,19976000,0
69,1417724693,958987654,58,100,91,2189,20437000,1
70,1417724693,958987654,56,100,99,1303,20460000,0
70,1417724693,958987654,50,100,105,2361,20086000,0
70,1417724693,958987654,59,100,99,993,19860000,0
70,1417724693,976987422,55,100,99,999,20189000,0
70,1417724693,978987396,54,100,101,2324,20212000,0
71,1417724693,978987396,52,100,99,1299,20138000,0
71,1417724693,978987396,57,100,102,840,20045000,0
71,1417724693,978987396,51,100,99,999,19955000,0
71,1417724693,978987396,58,100,92,2189,20288000,2
71,1417724693,978987396,53,100,101,840,20278000,6
72,1417724693,978987396,50,100,101,2324,20597000,12
72,1417724693,978987396,56,100,99,1299,20184000,0
72,1417724693,979987383,59,100,99,999,20422000,1
72,1417724693,996987165,57,100,101,840,20134000,0
72,1417724693,998987139,52,100,99,1299,20196000,0
73,1417724693,998987139,55,100,99,999,20124000,0
73,1417724693,998987139,54,100,101,2324,19907000,0
73,1417724693,998987139,51,100,99,999,20191000,0
73,1417724693,998987139,58,100,93,2189,20393000,6
73,1417724694,0,53,100,101,840,20436000,0
74,1417724694,0,50,100,101,2324,20282000,0
74,1417724694,0,56,100,99,1299,20365000,1
74,1417724694,0,59,100,99,999,20381000,0
74,1417724694,17999769,55,100,99,999,20126000,0
74,1417724694,18999756,54,100,95,2256,20207000,0
75,1417724694,18999756,57,100,101,840,19951001,0
75,1417724694,18999756,52,100,99,1299,19991000,0
75,1417724694,19999743,51,100,99,999,20216000,0
75,1417724694,19999743,58,100,94,2189,19873000,0
75,1417724694,19999743,53,100,101,840,19977000,0
76,1417724694,19999743,56,100,99,1299,20453001,8
76,1417724694,19999743,50,100,101,2324,20087000,0
76,1417724694,19999743,59,100,99,999,20219000,0
76,1417724694,37999511,55,100,99,999,20131000,0
76,1417724694,37999511,54,100,96,2256,20201000,0
77,1417724694,37999511,52,100,99,1292,20101000,0
77,1417724694,37999511,57,100,101,840,19808000,0
77,1417724694,38999498,51,100,99,999,20130000,0
77,1417724694,38999498,53,100,101,840,20189001,0
77,1417724694,39999486,56,100,99,1292,19971000,0
78,1417724694,39999486,50,100,95,2256,20469000,3
78,1417724694,39999486,58,100,94,2180,20119001,0
78,1417724694,39999486,59,100,99,999,20214000,0
78,1417724694,57999254,55,100,100,1011,20071000,0
78,1417724694,57999254,54,100,97,2256,19971000,0
79,1417724694,57999254,57,100,101,840,19860000,0
79,1417724694,57999254,52,100,99,1292,20134000,0
79,1417724694,57999254,51,100,100,1011,20293000,2
79,1417724694,59999228,53,100,101,840,20309000,1
79,1417724694,59999228,56,100,99,1292,20096000,0
80,1417724694,59999228,50,100,96,2256,20081001,0
80,1417724694,59999228,58,100,95,2180,20364000,0
80,1417724694,59999228,59,100,100,1011,20207000,0
80,1417724694,77998996,55,100,100,1011,19913001,0
80,1417724694,77998996,54,100,91,2189,19956001,0
81,1417724694,77998996,52,100,99,1292,20147001,0
81,1417724694,77998996,57,100,101,840,20219001,0
81,1417724694,78998983,51,100,100,1011,20291000,1
81,1417724694,79998971,56,100,99,1292,20219001,3
81,1417724694,79998971,58,100,96,2180,20257000,1
82,1417724694,79998971,53,100,101,840,20217001,0
82,1417724694,79998971,50,100,97,2256,20372001,8
82,1417724694,79998971,59,100,100,1011,20384001,0
82,1417724694,98998726,54,100,92,2189,19974001,0
82,1417724694,98998726,55,100,100,1011,19878001,0
83,1417724694,98998726,57,100,101,840,20180001,0
83,1417724694,98998726,52,100,99,1291,20025001,0
83,1417724694,98998726,51,100,100,1011,20243001,0
83,1417724694,98998726,56,100,99,1291,20207001,0
83,1417724694,98998726,53,100,107,913,20406001,2
84,1417724694,99998713,50,100,91,2189,20390001,0
84,1417724694,99998713,58,100,99,2214,20544001,6
84,1417724694,100998700,59,100,100,1011,20456001,0
84,1417724694,118998468,54,100,93,2189,20133001,0
84,1417724694,118998468,55,100,102,1043,20008001,0
85,1417724694,118998468,52,100,99,1291,20192001,0
85,1417724694,118998468,57,100,101,840,19913001,0
85,1417724694,118998468,51,100,102,1043,20323001,1
85,1417724694,119998456,56,100,99,1291,20214001,0
85,1417724694,119998456,53,100,106,913,20375001,5
86,1417724694,119998456,50,100,92,2189,20253001,2
86,1417724694,119998456,58,100,99,2214,20168001,0
86,1417724694,119998456,59,100,102,1043,20370001,0
86,1417724694,138998211,55,100,101,1043,20100001,0
86,1417724694,138998211,57,100,101,840,19807001,0
87,1417724694,139998198,52,100,99,1291,19928001,0
87,1417724694,139998198,54,100,94,2189,20025001,0
87,1417724694,139998198,51,100,101,1043,20197001,0
87,1417724694,139998198,56,100,99,1291,20218001,0
87,1417724694,139998198,53,100,105,913,20003001,0
88,1417724694,139998198,50,100,93,2189,20315001,5
88,1417724694,139998198,58,100,99,2214,20032001,0
88,1417724694,139998198,59,100,101,1043,20413001,1
88,1417724694,159997941,55,100,101,1043,20104001,0
88,1417724694,159997941,52,100,99,1291,19902001,0
89,1417724694,159997941,57,100,101,840,19993001,0
89,1417724694,159997941,51,100,101,1043,20198001,0
89,1417724694,159997941,56,100,99,1291,20078001,0
89,1417724694,159997941,54,100,94,2180,20092001,0
89,1417724694,159997941,58,100,101,2251,20314001,6
90,1417724694,159997941,50,100,94,2189,20153001,0
90,1417724694,160997928,53,100,104,913,20378001,3
90,1417724694,160997928,59,100,101,1043,20357001,0
90,1417724694,179997683,55,100,101,1054,20008001,0
90,1417724694,179997683,51,100,101,1054,20116001,0
91,1417724694,179997683,56,100,100,1301,20087001,0
91,1417724694,179997683,52,100,100,1301,19886001,0
91,1417724694,179997683,54,100,95,2180,20080001,0
91,1417724694,179997683,57,100,107,913,20075001,0
91,1417724694,180997670,58,100,101,2251,20277001,2
92,1417724694,180997670,53,100,103,913,20507001,1
92,1417724694,180997670,50,100,94,2180,20091001,0
92,1417724694,180997670,59,100,101,1054,20569001,1
92,1417724694,199997426,51,100,101,1054,20360001,0
92,1417724694,199997426,55,100,101,1054,20184001,0
93,1417724694,200997413,52,100,100,1301,20047001,0
93,1417724694,200997413,56,100,100,1301,20266001,0
93,1417724694,200997413,54,100,96,2180,20381001,0
93,1417724694,200997413,57,100,106,913,20275001,0
93,1417724694,200997413,58,100,101,2251,20238001,0
94,1417724694,200997413,53,100,102,913,20515001,0
94,1417724694,200997413,50,100,95,2180,20515001,0
94,1417724694,200997413,59,100,101,1054,20289001,0
94,1417724694,221997142,56,100,100,1301,20028001,0
94,1417724694,221997142,52,100,100,1301,19716001,0
95,1417724694,221997142,55,100,101,1054,19972001,0
95,1417724694,222997129,51,100,101,1054,19858001,0
95,1417724694,222997129,57,100,105,913,20112001,0
95,1417724694,222997129,58,100,101,2251,19843001,0
95,1417724694,222997129,50,100,96,2180,20049001,0
96,1417724694,222997129,54,100,99,2214,19839001,0
96,1417724694,222997129,53,100,109,1005,20191001,0
96,1417724694,222997129,59,100,101,1054,20224001,0
96,1417724694,241996885,51,100,101,1054,20082001,0
96,1417724694,241996885,55,100,101,1054,20062001,0
97,1417724694,241996885,52,100,99,1295,19918001,0
97,1417724694,241996885,57,100,104,913,19924001,0
97,1417724694,241996885,50,100,99,2214,20013001,0
97,1417724694,242996872,58,100,101,2267,20210001,0
97,1417724694,242996872,54,100,99,2214,20291001,0
98,1417724694,242996872,53,100,108,1005,20409001,1
98,1417724694,242996872,56,100,99,1295,20557001,0
98,1417724694,242996872,59,100,101,1054,20295001,0
98,1417724694,261996627,55,100,101,1064,19559001,0
98,1417724694,261996627,51,100,101,1064,19530001,0
99,1417724694,262996615,52,100,99,1295,19687001,0
99,1417724694,262996615,57,100,103,913,19311001,0
99,1417724694,262996615,50,100,99,2214,19375001,0
99,1417724694,262996615,54,100,99,2214,19522001,0
99,1417724694,262996615,53,100,107,1005,19640001,0
100,1417724694,262996615,58,100,101,2267,19925001,0
100,1417724694,262996615,56,100,99,1295,19922001,0
100,1417724694,262996615,59,100,101,1064,20424001,3
100,1417724694,282996357,52,100,99,1295,20088001,0
100,1417724694,282996357,57,100,102,913,20007001,0
101,1417724694,282996357,55,100,101,1064,19973001,0
101,1417724694,282996357,51,100,101,1064,20151001,0
101,1417724694,282996357,54,100,101,2251,20198001,0
101,1417724694,283996344,50,100,99,2214,20032001,0
101,1417724694,283996344,53,100,106,1005,20185001,0
102,1417724694,283996344,58,100,101,2267,20210001,0
102,1417724694,283996344,56,100,99,1295,20269001,3
102,1417724694,283996344,59,100,101,1064,20471001,1
102,1417724694,302996100,57,100,109,1005,20085001,0
102,1417724694,302996100,52,100,99,1287,19851001,0
103,1417724694,302996100,51,100,101,1064,20247001,0
103,1417724694,302996100,55,100,101,1064,20110001,0
103,1417724694,303996087,53,100,105,1005,20267001,1
103,1417724694,303996087,50,100,101,2251,20249001,0
103,1417724694,303996087,54,100,101,2251,20128001,0
104,1417724694,303996087,58,100,99,2245,20315001,5
104,1417724694,303996087,56,100,99,1287,19949001,0
104,1417724694,303996087,59,100,101,1064,20223001,0
104,1417724694,322995842,57,100,108,1005,19810001,0
104,1417724694,323995829,52,100,99,1287,20040001,0
105,1417724694,323995829,51,100,101,1076,19937001,0
105,1417724694,323995829,55,100,101,1076,19707001,0
105,1417724694,323995829,53,100,104,1005,19728001,0
105,1417724694,323995829,50,100,101,2251,20178001,0
105,1417724694,323995829,54,100,101,2251,20069001,0
106,1417724694,323995829,58,100,99,2245,19744001,0
106,1417724694,323995829,56,100,99,1287,20405001,6
106,1417724694,323995829,59,100,101,1076,20317001,0
106,1417724694,343995572,52,100,99,1287,19874001,0
106,1417724694,343995572,57,100,107,1005,20098001,0
107,1417724694,343995572,51,100,101,1076,20040001,0
107,1417724694,343995572,55,100,101,1076,19845001,0
107,1417724694,343995572,50,100,101,2251,20284001,0
107,1417724694,343995572,54,100,101,2251,20318001,0
107,1417724694,344995559,53,100,103,1005,20304001,0
108,1417724694,344995559,56,100,99,1287,20425001,2
108,1417724694,344995559,58,100,99,2245,20368001,0
108,1417724694,344995559,59,100,101,1076,19625001,0
108,1417724694,363995314,52,100,99,1287,19498001,0
108,1417724694,363995314,51,100,101,1076,19772001,0
109,1417724694,363995314,55,100,101,1076,20132001,0
109,1417724694,364995301,50,100,101,2251,20154001,0
109,1417724694,364995301,53,100,107,1057,19817001,0
109,1417724694,364995301,54,100,101,2267,19987001,0
109,1417724694,364995301,57,100,106,1005,20332001,0
110,1417724694,364995301,56,100,99,1287,20232001,0
110,1417724694,364995301,58,100,98,2234,20493001,0
110,1417724694,364995301,59,100,101,1076,19767001,0
110,1417724694,383995057,52,100,99,1278,19380001,0
110,1417724694,383995057,50,100,101,2267,19271001,0
111,1417724694,384995044,51,100,101,1089,19687001,0
111,1417724694,384995044,55,100,101,1089,20076001,0
111,1417724694,384995044,53,100,106,1057,19386001,0
111,1417724694,384995044,57,100,105,1005,19954001,0
111,1417724694,384995044,54,100,101,2267,20346001,0
112,1417724694,384995044,56,100,99,1278,20143001,0
112,1417724694,384995044,58,100,99,2234,18811001,0
112,1417724694,384995044,59,100,101,1089,20498001,1
112,1417724694,404994786,52,100,99,1278,19310001,0
112,1417724694,404994786,50,100,101,2267,19204001,0
113,1417724694,404994786,55,100,101,1089,19495001,0
113,1417724694,404994786,51,100,101,1089,19850001,0
113,1417724694,404994786,54,100,101,2267,20146001,0
113,1417724694,404994786,57,100,104,1005,19794001,0
113,1417724694,404994786,56,100,99,1278,20059001,0
114,1417724694,404994786,53,100,105,1057,19948001,0
114,1417724694,405994773,58,100,99,2234,20399001,1
114,1417724694,405994773,59,100,101,1089,19896001,0
114,1417724694,424994529,52,100,99,1278,19696001,0
114,1417724694,424994529,50,100,101,2267,20045001,0
115,1417724694,424994529,51,100,101,1089,19668001,0
115,1417724694,424994529,55,100,101,1089,19867001,0
115,1417724694,424994529,54,100,99,2245,19984001,0
115,1417724694,424994529,57,100,103,1005,20264001,2
115,1417724694,424994529,56,100,99,1278,20332001,2
116,1417724694,425994516,53,100,104,1057,20584001,1
116,1417724694,425994516,58,100,99,2234,20262001,0
116,1417724694,425994516,59,100,101,1089,20328001,1
116,1417724694,444994271,52,100,99,1272,20141001,0
116,1417724694,444994271,50,100,99,2245,19939001,0
117,1417724694,444994271,51,100,101,1089,19924001,0
117,1417724694,445994258,55,100,101,1089,19817001,0
117,1417724694,445994258,57,100,107,1057,20203001,0
117,1417724694,445994258,54,100,99,2245,19995001,0
117,1417724694,445994258,56,100,99,1272,19951001,0
118,1417724694,445994258,53,100,103,1057,20454001,4
118,1417724694,445994258,58,100,98,2223,20259001,0
118,1417724694,445994258,59,100,101,1089,20263002,0
118,1417724694,464994014,52,100,99,1272,19779002,0
118,1417724694,465994001,51,100,101,1103,19917001,0
119,1417724694,465994001,55,100,101,1103,20080001,0
119,1417724694,465994001,57,100,106,1057,19886001,0
119,1417724694,465994001,50,100,99,2245,20130002,0
119,1417724694,465994001,54,100,99,2245,20215001,0
119,1417724694,465994001,56,100,99,1272,20413002,9
120,1417724694,465994001,53,100,102,1057,20202002,1
120,1417724694,465994001,58,100,99,2223,20227001,0
120,1417724694,465994001,59,100,101,1103,20225002,0
120,1417724694,485993743,52,100,99,1272,19954002,0
120,1417724694,485993743,51,100,101,1103,20036002,0
121,1417724694,485993743,50,100,99,2245,20206002,1
121,1417724694,485993743,56,100,99,1272,20047002,0
121,1417724694,485993743,54,100,98,2234,19939002,0
121,1417724694,485993743,55,100,101,1103,20115001,0
121,1417724694,485993743,57,100,105,1057,20029002,0
122,1417724694,485993743,53,100,101,1057,20274002,4
122,1417724694,486993731,58,100,99,2223,20256002,0
122,1417724694,486993731,59,100,101,1103,20017002,0
122,1417724694,505993486,51,100,101,1103,19928002,0
122,1417724694,505993486,52,100,99,1265,19997002,0
123,1417724694,505993486,57,100,104,1057,19936002,0
123,1417724694,505993486,56,100,99,1265,19909002,0
123,1417724694,505993486,54,100,99,2234,19805002,0
123,1417724694,505993486,55,100,101,1103,20070002,0
123,1417724694,506993473,50,100,98,2234,20211002,0
124,1417724694,506993473,53,100,104,1106,20294002,2
124,1417724694,506993473,58,100,100,2237,20306002,0
124,1417724694,506993473,51,100,102,1129,20437002,1
124,1417724694,525993229,52,100,99,1265,20487002,1
124,1417724694,525993229,59,100,101,1103,20443002,1
125,1417724694,525993229,57,100,103,1057,20454002,1
125,1417724694,526993216,55,100,102,1129,20592002,1
125,1417724694,526993216,56,100,99,1265,20562002,1
125,1417724694,526993216,54,100,99,2234,19945002,0
125,1417724694,526993216,50,100,99,2234,20710002,3
126,1417724694,526993216,53,100,103,1106,20798002,3
126,1417724694,526993216,58,100,100,2237,20286002,0
126,1417724694,526993216,51,100,101,1129,19883002,0
126,1417724694,545992971,59,100,102,1129,20034002,0
126,1417724694,546992958,57,100,102,1057,19892002,0
127,1417724694,546992958,56,100,99,1265,19960002,0
127,1417724694,546992958,55,100,101,1129,20148002,0
127,1417724694,546992958,54,100,99,2234,20492002,3
127,1417724694,546992958,50,100,99,2234,19912002,0
127,1417724694,546992958,52,100,99,1265,20074002,0
128,1417724694,546992958,53,100,102,1106,20139002,0
128,1417724694,546992958,58,100,100,2237,20314002,0
128,1417724694,546992958,51,100,101,1129,19820002,0
128,1417724694,566992701,57,100,101,1057,19887002,0
128,1417724694,566992701,56,100,99,1265,19866002,0
129,1417724694,566992701,55,100,101,1129,20049002,0
129,1417724694,566992701,50,100,99,2234,19843002,0
129,1417724694,566992701,54,100,98,2223,20150002,0
129,1417724694,566992701,59,100,101,1129,20209002,0
129,1417724694,566992701,52,100,99,1265,20186002,0
130,1417724694,566992701,53,100,101,1106,20402002,3
130,1417724694,566992701,58,100,103,2285,21461002,2
130,1417724694,566992701,56,100,99,1268,20399002,1
130,1417724694,586992443,57,100,104,1106,20339002,1
130,1417724694,586992443,51,100,101,1147,20352002,1
131,1417724694,586992443,50,100,98,2223,19900002,0
131,1417724694,586992443,55,100,101,1147,20497002,1
131,1417724694,586992443,54,100,99,2223,20473002,1
131,1417724694,586992443,59,100,101,1129,20134002,0
131,1417724694,587992430,52,100,99,1268,20617002,8
132,1417724694,587992430,53,100,101,1106,20665002,4
132,1417724694,587992430,58,100,102,2285,20297002,1
132,1417724694,587992430,55,100,101,1147,20498002,1
132,1417724694,606992186,54,100,99,2223,20081002,0
132,1417724694,606992186,50,100,99,2223,20913002,6
133,1417724694,606992186,57,100,103,1106,20405002,0
133,1417724694,607992173,59,100,101,1147,20318002,4
133,1417724694,607992173,52,100,99,1268,20410002,0
133,1417724694,607992173,56,100,99,1268,21166002,1
133,1417724694,607992173,53,100,101,1106,20499002,5
134,1417724694,607992173,51,100,101,1147,20529002,0
134,1417724694,607992173,58,100,101,2285,20320002,0
134,1417724694,607992173,54,100,100,2237,19615002,0
134,1417724694,626991928,59,100,101,1147,20063002,0
134,1417724694,627991915,57,100,102,1106,19690002,0
135,1417724694,627991915,53,100,101,1106,20274002,2
135,1417724694,627991915,55,100,101,1147,20019002,0
135,1417724694,627991915,56,100,99,1268,20060002,0
135,1417724694,627991915,50,100,99,2223,20485002,0
135,1417724694,627991915,52,100,99,1268,20529002,0
136,1417724694,627991915,51,100,101,1147,20451002,0
136,1417724694,627991915,58,100,101,2285,19521002,0
136,1417724694,627991915,59,100,101,1147,20031002,0
136,1417724694,647991658,54,100,100,2237,19909002,0
136,1417724694,647991658,57,100,101,1106,20018002,0
137,1417724694,647991658,53,100,101,1106,20103002,0
137,1417724694,647991658,56,100,99,1264,20061002,0
137,1417724694,647991658,50,100,100,2237,19922002,0
137,1417724694,647991658,52,100,99,1264,20152002,0
137,1417724694,647991658,51,100,101,1147,20003002,0
138,1417724694,647991658,55,100,101,1147,20424002,0
138,1417724694,647991658,58,100,101,2302,20271002,0
138,1417724694,648991645,57,100,101,1106,20095002,0
138,1417724694,667991400,54,100,100,2237,20017002,0
138,1417724694,667991400,59,100,101,1147,20353002,1
139,1417724694,667991400,53,100,101,1106,20467002,1
139,1417724694,667991400,50,100,100,2237,20232002,5
139,1417724694,667991400,56,100,99,1264,20251002,0
139,1417724694,667991400,52,100,99,1264,20358002,1
139,1417724694,668991387,51,100,101,1161,20494002,2
140,1417724694,668991387,55,100,101,1161,20482002,0
140,1417724694,668991387,58,100,101,2302,19479002,0
140,1417724694,668991387,54,100,103,2285,20435002,1
140,1417724694,687991143,59,100,101,1161,19985002,0
140,1417724694,687991143,57,100,101,1106,20422002,1
141,1417724694,687991143,53,100,101,1106,20245002,0
141,1417724694,688991130,51,100,101,1161,20357002,2
141,1417724694,688991130,55,100,101,1161,20448002,1
141,1417724694,688991130,52,100,99,1264,20511002,4
141,1417724694,688991130,56,100,99,1264,20120002,0
142,1417724694,688991130,50,100,100,2237,20570002,3
142,1417724694,688991130,58,100,101,2302,20379002,1
142,1417724694,688991130,54,100,102,2285,20836000,2
142,1417724694,708990872,53,100,101,1106,20805000,2
142,1417724694,708990872,57,100,101,1106,20785000,2
143,1417724694,708990872,59,100,101,1161,20872000,2
143,1417724694,708990872,51,100,101,1161,20970000,8
143,1417724694,708990872,55,100,101,1161,20643000,8
143,1417724694,708990872,52,100,98,1253,20845000,4
143,1417724694,708990872,56,100,98,1253,20822000,0
144,1417724694,708990872,50,100,103,2285,21143000,0
144,1417724694,708990872,58,100,101,2309,20345000,0
144,1417724694,709990860,57,100,101,1106,19274000,0
144,1417724694,728990615,54,100,101,2285,19802000,0
144,1417724694,728990615,53,100,101,1106,19892000,0
145,1417724694,728990615,51,100,101,1178,19372000,0
145,1417724694,728990615,59,100,101,1161,20068000,0
145,1417724694,728990615,55,100,101,1178,19997000,0
145,1417724694,728990615,52,100,99,1253,19828000,0
145,1417724694,728990615,56,100,99,1253,19985000,0
146,1417724694,729990602,50,100,102,2285,20023000,0
146,1417724694,729990602,58,100,101,2309,20235000,0
146,1417724694,729990602,53,100,101,1106,19949000,0
146,1417724694,748990357,57,100,101,1106,19910000,0
146,1417724694,748990357,54,100,101,2285,20054000,0
147,1417724694,748990357,59,100,101,1178,20125000,0
147,1417724694,748990357,51,100,101,1178,20098000,0
147,1417724694,748990357,55,100,101,1178,20137000,0
147,1417724694,748990357,52,100,99,1253,20106000,0
147,1417724694,749990345,56,100,99,1253,20208000,1
148,1417724694,749990345,50,100,101,2285,19513000,0
148,1417724694,749990345,58,100,101,2309,19788000,0
148,1417724694,749990345,53,100,109,1211,20315000,1
148,1417724694,768990100,54,100,101,2302,20411000,4
148,1417724694,769990087,57,100,101,1106,20388000,1
149,1417724694,769990087,59,100,101,1178,20141000,0
149,1417724694,769990087,51,100,101,1178,20498000,1
149,1417724694,769990087,55,100,101,1178,20372000,2
149,1417724694,769990087,52,100,99,1253,20025000,0
149,1417724694,769990087,56,100,99,1253,20122000,0
150,1417724694,769990087,50,100,101,2285,19585000,0
150,1417724694,769990087,58,100,98,2269,20232000,1
150,1417724694,769990087,53,100,108,1211,20454000,2
150,1417724694,788989843,54,100,101,2302,20414000,2
150,1417724694,788989843,57,100,101,1106,20442000,2
151,1417724694,789989830,59,100,101,1178,20553000,6
151,1417724694,789989830,52,100,98,1240,20392000,9
151,1417724694,789989830,56,100,98,1240,20180000,0
151,1417724694,789989830,55,100,101,1187,20143000,0
151,1417724694,789989830,51,100,101,1187,20518000,2
152,1417724694,789989830,50,100,101,2302,19611000,0
152,1417724694,789989830,58,100,99,2269,19866000,0
152,1417724694,789989830,53,100,107,1211,20129000,0
152,1417724694,809989572,54,100,101,2302,20022000,0
152,1417724694,809989572,59,100,101,1187,20287000,0
153,1417724694,809989572,57,100,101,1106,20158000,0
153,1417724694,809989572,56,100,99,1240,20465000,6
153,1417724694,809989572,52,100,99,1240,20123000,0
153,1417724694,809989572,55,100,101,1187,20605000,0
153,1417724694,809989572,51,100,101,1187,20768000,0
154,1417724694,809989572,50,100,101,2302,20740000,15
154,1417724694,809989572,58,100,99,2269,20397000,1
154,1417724694,809989572,53,100,106,1211,20014000,0
154,1417724694,829989315,57,100,101,1106,19622000,0
154,1417724694,829989315,54,100,101,2309,20404000,0
155,1417724694,829989315,59,100,101,1187,20155000,0
155,1417724694,829989315,55,100,101,1187,19838000,0
155,1417724694,829989315,51,100,101,1187,19990000,0
155,1417724694,829989315,50,100,101,2302,19852000,0
155,1417724694,830989302,52,100,99,1240,20507000,1
156,1417724694,830989302,56,100,99,1240,20742000,3
156,1417724694,830989302,58,100,99,2269,19852000,0
156,1417724694,830989302,57,100,109,1211,20435000,7
156,1417724694,849989057,59,100,101,1187,20434000,5
156,1417724694,849989057,54,100,101,2309,20204000,0
157,1417724694,849989057,53,100,105,1211,20438000,0
157,1417724694,850989044,55,100,101,1187,20181000,0
157,1417724694,850989044,51,100,101,1187,20388000,2
157,1417724694,850989044,50,100,101,2309,20345000,4
157,1417724694,850989044,52,100,99,1240,20106000,0
158,1417724694,850989044,56,100,99,1240,20149000,0
158,1417724694,850989044,58,100,97,2242,20319000,1
158,1417724694,850989044,57,100,108,1211,19786000,0
158,1417724694,869988800,59,100,101,1187,20198000,0
158,1417724694,870988787,54,100,101,2309,20458000,6
159,1417724694,870988787,55,100,101,1205,20420000,6
159,1417724694,870988787,51,100,101,1205,20664000,3
159,1417724694,870988787,53,100,104,1211,20261000,0
159,1417724694,870988787,50,100,101,2309,20555000,1
159,1417724694,870988787,56,100,99,1240,20650000,9
160,1417724694,870988787,52,100,99,1240,20708000,9
160,1417724694,870988787,58,100,98,2242,20231000,0
160,1417724694,870988787,55,100,101,1205,20237000,3
160,1417724694,890988529,54,100,98,2269,20386000,1
160,1417724694,890988529,59,100,101,1205,20337000,2
161,1417724694,890988529,51,100,101,1205,20538000,8
161,1417724694,890988529,52,100,99,1240,20079000,0
161,1417724694,890988529,50,100,101,2309,20259000,3
161,1417724694,890988529,53,100,103,1211,20506000,9
161,1417724694,890988529,56,100,99,1240,20305000,2
162,1417724694,891988516,57,100,107,1211,19675000,0
162,1417724694,891988516,58,100,99,2242,20247000,0
162,1417724694,891988516,59,100,101,1205,20366000,0
162,1417724694,910988272,51,100,101,1205,20117000,0
162,1417724694,910988272,54,100,99,2269,20122000,0
163,1417724694,910988272,52,100,99,1243,20200000,0
163,1417724694,910988272,55,100,101,1205,20211000,0
163,1417724694,911988259,50,100,98,2269,20487000,5
163,1417724694,911988259,56,100,99,1243,20730000,4
163,1417724694,911988259,53,100,109,1299,20318000,0
164,1417724694,911988259,57,100,106,1211,20547000,0
164,1417724694,911988259,58,100,99,2233,19763000,0
164,1417724694,911988259,59,100,101,1205,20130000,0
164,1417724694,930988014,54,100,99,2269,20033000,0
164,1417724694,931988001,55,100,102,1225,19650000,0
165,1417724694,931988001,52,100,99,1243,19877000,0
165,1417724694,931988001,50,100,99,2269,20047000,0
165,1417724694,931988001,51,100,102,1225,19818000,0
165,1417724694,931988001,56,100,99,1243,19943000,0
165,1417724694,931988001,53,100,108,1299,20104000,0
166,1417724694,931988001,57,100,105,1211,20789000,8
166,1417724694,931988001,58,100,99,2233,20286000,1
166,1417724694,931988001,55,100,101,1225,19805000,0
166,1417724694,951987744,59,100,102,1225,20106000,0
166,1417724694,951987744,54,100,99,2269,20286000,1
167,1417724694,951987744,51,100,101,1225,20032000,0
167,1417724694,951987744,52,100,99,1243,19977000,0
167,1417724694,951987744,50,100,99,2269,19883000,0
167,1417724694,951987744,56,100,99,1243,20020000,0
167,1417724694,951987744,53,100,107,1299,20075000,0
168,1417724694,951987744,57,100,104,1211,20041000,0
168,1417724694,951987744,58,100,99,2233,20271000,0
168,1417724694,951987744,59,100,101,1225,20062000,0
168,1417724694,971987486,55,100,101,1225,19990000,0
168,1417724694,971987486,51,100,101,1225,20115000,0
169,1417724694,971987486,56,100,99,1243,20173000,0
169,1417724694,971987486,54,100,97,2242,20252000,0
169,1417724694,971987486,52,100,99,1243,20055000,0
169,1417724694,971987486,50,100,99,2269,20426000,1
169,1417724694,972987474,53,100,106,1299,20371000,1
170,1417724694,972987474,57,100,103,1211,20061000,0
170,1417724694,972987474,58,100,100,2246,20295000,0
170,1417724694,972987474,55,100,101,1236,20051000,0
170,1417724694,991987229,54,100,98,2242,19912000,0
170,1417724694,991987229,56,100,99,1242,20074000,0
171,1417724694,991987229,52,100,99,1242,20151000,0
171,1417724694,991987229,59,100,101,1225,20324000,0
171,1417724694,991987229,51,100,101,1236,20001000,0
171,1417724694,992987216,50,100,97,2242,19855000,0
171,1417724694,992987216,57,100,109,1299,20319000,13
172,1417724694,992987216,53,100,105,1299,20429000,2
172,1417724694,992987216,58,100,100,2246,20295000,0
172,1417724694,992987216,55,100,101,1236,19866000,0
172,1417724695,11999846,56,100,99,1242,20109000,0
172,1417724695,11999846,54,100,99,2242,20093000,0
173,1417724695,12999833,51,100,101,1236,19883000,0
173,1417724695,12999833,59,100,101,1236,20290000,4
173,1417724695,12999833,50,100,98,2242,20273000,0
173,1417724695,12999833,52,100,99,1242,19966000,0
173,1417724695,12999833,57,100,108,1299,20180000,0
174,1417724695,12999833,53,100,104,1299,20567000,8
174,1417724695,12999833,58,100,100,2246,20348000,0
174,1417724695,12999833,55,100,101,1236,19850000,0
174,1417724695,32999576,51,100,101,1236,19961000,0
174,1417724695,32999576,59,100,101,1236,19836001,0
175,1417724695,32999576,56,100,99,1242,20214001,0
175,1417724695,32999576,54,100,99,2233,20070000,0
175,1417724695,32999576,50,100,99,2242,20204000,0
175,1417724695,32999576,57,100,107,1299,19987001,0
175,1417724695,32999576,52,100,99,1242,19897000,0
176,1417724695,32999576,53,100,103,1299,20197001,0
176,1417724695,32999576,58,100,100,2246,20446000,0
176,1417724695,33999563,55,100,101,1236,20139000,0
176,1417724695,52999318,56,100,99,1243,20183001,0
176,1417724695,52999318,59,100,101,1236,20126001,0
177,1417724695,52999318,54,100,99,2233,19866000,0
177,1417724695,52999318,57,100,106,1299,19935001,0
177,1417724695,52999318,50,100,99,2233,20039001,0
177,1417724695,52999318,51,100,101,1236,20234001,0
177,1417724695,53999305,52,100,99,1243,20185001,0
178,1417724695,53999305,53,100,102,1299,20287000,0
178,1417724695,53999305,58,100,103,2288,20239000,0
178,1417724695,54999292,54,100,99,2233,20042001,0
178,1417724695,72999061,57,100,105,1299,19850001,0
178,1417724695,72999061,56,100,99,1243,20037001,0
179,1417724695,72999061,59,100,101,1236,19889000,0
179,1417724695,73999048,51,100,102,1265,20467001,7
179,1417724695,73999048,52,100,99,1243,20109001,0
179,1417724695,73999048,53,100,101,1299,20223001,0
179,1417724695,73999048,55,100,102,1265,20677000,0
180,1417724695,73999048,50,100,99,2233,20363001,5
180,1417724695,73999048,58,100,102,2288,20229001,0
180,1417724695,73999048,54,100,100,2246,20120001,0
180,1417724695,92998803,59,100,102,1265,19853001,0
180,1417724695,93998790,51,100,101,1265,20354001,1
181,1417724695,93998790,57,100,104,1299,19956001,0
181,1417724695,93998790,52,100,99,1243,20127001,0
181,1417724695,93998790,55,100,101,1265,20767001,1
181,1417724695,93998790,50,100,99,2233,20401001,0
181,1417724695,93998790,56,100,99,1243,20386001,8
182,1417724695,93998790,53,100,101,1299,20442001,3
182,1417724695,93998790,58,100,101,2288,20214001,0
182,1417724695,94998777,59,100,101,1265,20230001,0
182,1417724695,113998533,54,100,100,2246,20304001,0
182,1417724695,113998533,55,100,101,1265,20319001,8
183,1417724695,113998533,50,100,100,2246,20720001,10
183,1417724695,113998533,53,100,101,1299,20769001,8
183,1417724695,113998533,52,100,99,1233,20558001,0
183,1417724695,113998533,56,100,99,1233,20705001,0
183,1417724695,113998533,51,100,101,1265,20614001,0
184,1417724695,113998533,57,100,103,1299,20720001,0
184,1417724695,113998533,58,100,104,2335,18462001,0
184,1417724695,114998520,54,100,100,2246,20235001,0
184,1417724695,133998275,59,100,101,1265,19668001,0
184,1417724695,133998275,55,100,102,1291,20006001,0
185,1417724695,133998275,50,100,100,2246,20099001,0
185,1417724695,133998275,53,100,101,1299,19932001,0
185,1417724695,133998275,52,100,99,1233,20596001,3
185,1417724695,134998262,56,100,99,1233,20358001,2
185,1417724695,134998262,51,100,102,1291,20051001,0
186,1417724695,134998262,57,100,102,1299,20113001,0
186,1417724695,134998262,58,100,103,2335,20381001,3
186,1417724695,134998262,54,100,100,2246,20205001,0
186,1417724695,153998018,59,100,102,1291,19700001,0
186,1417724695,153998018,50,100,100,2246,19842001,0
187,1417724695,153998018,52,100,99,1233,20236001,1
187,1417724695,153998018,55,100,101,1291,20719001,5
187,1417724695,154998005,53,100,101,1299,19989001,0
187,1417724695,154998005,57,100,101,1299,20609001,5
187,1417724695,154998005,51,100,101,1291,20056001,0
188,1417724695,154998005,56,100,99,1233,20133001,0
188,1417724695,154998005,58,100,102,2335,20190001,0
188,1417724695,154998005,54,100,103,2288,20262001,0
188,1417724695,173997760,59,100,101,1291,20153001,0
188,1417724695,174997747,50,100,100,2246,20284001,7
189,1417724695,174997747,53,100,101,1299,20467001,1
189,1417724695,174997747,52,100,99,1233,20705001,2
189,1417724695,174997747,57,100,101,1299,20738001,1
189,1417724695,174997747,51,100,101,1291,20627001,5
189,1417724695,174997747,55,100,101,1291,20546001,1
190,1417724695,174997747,56,100,99,1233,20142001,0
190,1417724695,174997747,58,100,101,2339,18510001,0
190,1417724695,174997747,54,100,102,2288,20066001,0
190,1417724695,194997490,59,100,101,1291,20243001,0
190,1417724695,194997490,50,100,103,2288,20317001,1
191,1417724695,194997490,53,100,101,1299,20413001,3
191,1417724695,194997490,52,100,99,1225,20422001,2
191,1417724695,194997490,57,100,101,1299,20420001,3
191,1417724695,194997490,51,100,101,1297,20223001,0
191,1417724695,194997490,55,100,101,1297,20552001,1
192,1417724695,194997490,56,100,99,1225,20488001,1
192,1417724695,194997490,58,100,101,2339,20266001,1
192,1417724695,194997490,59,100,101,1297,20225001,0
192,1417724695,214997232,50,100,102,2288,20350001,1
192,1417724695,214997232,57,100,101,1299,20394001,4
193,1417724695,214997232,53,100,101,1299,19963001,0
193,1417724695,214997232,54,100,101,2288,19945001,0
193,1417724695,214997232,51,100,101,1297,20671001,9
193,1417724695,215997220,55,100,101,1297,20088001,0
193,1417724695,215997220,56,100,99,1225,20429001,6
194,1417724695,215997220,52,100,99,1225,20775001,3
194,1417724695,215997220,58,100,101,2339,20203001,0
194,1417724695,215997220,59,100,101,1297,20124001,0
194,1417724695,234996975,50,100,101,2288,19711001,0
194,1417724695,234996975,57,100,101,1299,20419001,1
195,1417724695,235996962,53,100,101,1299,20468001,4
195,1417724695,235996962,54,100,104,2335,20350001,6
195,1417724695,235996962,51,100,101,1297,19914001,0
195,1417724695,235996962,55,100,101,1297,20534001,1
195,1417724695,235996962,56,100,99,1225,20617001,5
196,1417724695,235996962,52,100,99,1225,20583001,2
196,1417724695,235996962,58,100,101,2339,18364001,0
196,1417724695,235996962,50,100,104,2335,19792001,0
196,1417724695,254996717,59,100,101,1297,20252001,0
196,1417724695,255996705,57,100,101,1299,20381001,1
197,1417724695,255996705,54,100,103,2335,20146001,0
197,1417724695,255996705,53,100,101,1299,20268001,2
197,1417724695,255996705,52,100,99,1232,20487001,1
197,1417724695,255996705,51,100,101,1297,20322001,4
197,1417724695,255996705,56,100,99,1232,20563001,2
198,1417724695,255996705,55,100,101,1297,20605001,5
198,1417724695,255996705,58,100,101,2347,20307001,1
198,1417724695,255996705,59,100,101,1297,20135001,0
198,1417724695,276996434,50,100,103,2335,20450001,2
198,1417724695,276996434,54,100,102,2335,20455001,3
199,1417724695,276996434,57,100,101,1299,20581001,1
199,1417724695,276996434,56,100,99,1232,20376001,0
199,1417724695,276996434,55,100,102,1318,20842001,4
199,1417724695,276996434,51,100,102,1318,20324001,0
199,1417724695,277996421,53,100,101,1299,20803001,0
200,1417724695,277996421,52,100,99,1232,20977001,2
200,1417724695,277996421,58,100,101,2347,20135001,0
200,1417724695,277996421,50,100,102,2335,20301001,0
200,1417724695,296996177,59,100,102,1318,19778001,0
200,1417724695,296996177,54,100,101,2339,19739001,0
201,1417724695,296996177,57,100,101,1299,19566001,0
201,1417724695,297996164,56,100,99,1232,19734001,0
201,1417724695,297996164,55,100,101,1318,19490001,0
201,1417724695,297996164,51,100,101,1318,19592001,0
201,1417724695,297996164,53,100,101,1299,20470001,2
202,1417724695,297996164,52,100,99,1232,19789001,0
202,1417724695,297996164,58,100,101,2347,20201001,0
202,1417724695,297996164,50,100,101,2339,20390001,1
202,1417724695,317995906,59,100,101,1318,20145001,0
202,1417724695,317995906,54,100,101,2339,20289001,0
203,1417724695,317995906,57,100,101,1299,20412001,4
203,1417724695,317995906,56,100,99,1230,20457001,3
203,1417724695,317995906,55,100,101,1318,20496001,3
203,1417724695,317995906,51,100,101,1318,20624001,7
203,1417724695,317995906,53,100,101,1299,20109001,0
204,1417724695,317995906,52,100,99,1230,20854001,11
204,1417724695,317995906,58,100,99,2334,20156001,0
204,1417724695,317995906,50,100,101,2339,20234001,0
204,1417724695,337995649,59,100,101,1318,20066001,0
204,1417724695,337995649,57,100,101,1299,20131001,0
205,1417724695,337995649,56,100,99,1230,20261001,1
205,1417724695,337995649,54,100,101,2339,20228001,0
205,1417724695,337995649,55,100,102,1340,20195001,0
205,1417724695,337995649,51,100,102,1340,19758001,0
205,1417724695,338995636,53,100,101,1299,19766001,0
206,1417724695,338995636,52,100,99,1230,20083001,0
206,1417724695,338995636,58,100,99,2334,20348001,2
206,1417724695,338995636,50,100,101,2339,20130001,0
206,1417724695,357995391,59,100,102,1340,20224001,0
206,1417724695,357995391,54,100,101,2339,19872001,0
207,1417724695,357995391,55,100,101,1340,20196001,1
207,1417724695,357995391,56,100,99,1230,20161001,0
207,1417724695,357995391,57,100,101,1299,20249001,0
207,1417724695,357995391,53,100,101,1299,20383001,11
207,1417724695,358995379,52,100,99,1230,20702001,1
208,1417724695,358995379,51,100,101,1340,20668001,2
208,1417724695,358995379,58,100,99,2334,20122001,0
208,1417724695,358995379,54,100,101,2347,20019001,0
208,1417724695,377995134,59,100,101,1340,20153001,0
208,1417724695,377995134,55,100,101,1340,19697001,0
209,1417724695,377995134,50,100,101,2339,20269001,0
209,1417724695,378995121,53,100,101,1299,20008001,0
209,1417724695,378995121,57,100,101,1299,20105001,0
209,1417724695,378995121,52,100,99,1230,20513001,4
209,1417724695,378995121,56,100,99,1230,20326001,4
210,1417724695,378995121,51,100,101,1340,20445001,1
210,1417724695,378995121,58,100,99,2324,20335001,5
210,1417724695,378995121,50,100,101,2347,19833001,0
210,1417724695,397994876,55,100,101,1347,20164001,0
210,1417724695,397994876,59,100,101,1340,20014001,0
211,1417724695,398994864,54,100,101,2347,20083001,0
211,1417724695,398994864,53,100,101,1299,20111001,0
211,1417724695,398994864,57,100,101,1299,20369001,5
211,1417724695,398994864,56,100,100,1240,20213001,0
211,1417724695,398994864,52,100,100,1240,20151001,0
212,1417724695,398994864,51,100,101,1347,20111001,0
212,1417724695,398994864,58,100,99,2324,20120001,0
212,1417724695,398994864,55,100,101,1347,20155001,0
212,1417724695,418994606,50,100,101,2347,19881001,0
212,1417724695,418994606,59,100,101,1347,20198001,0
213,1417724695,418994606,54,100,101,2347,20063001,0
213,1417724695,418994606,53,100,101,1299,20108001,0
213,1417724695,418994606,57,100,101,1299,20253001,0
213,1417724695,418994606,51,100,101,1347,20499001,6
213,1417724695,418994606,52,100,100,1240,20673001,1
214,1417724695,419994593,56,100,100,1240,20460001,2
214,1417724695,419994593,58,100,99,2324,20410001,2
214,1417724695,419994593,55,100,101,1347,19801001,0
214,1417724695,438994349,50,100,101,2347,20019001,0
214,1417724695,438994349,54,100,99,2334,19798001,0
215,1417724695,438994349,53,100,111,1424,19942001,0
215,1417724695,438994349,59,100,101,1347,20109001,0
215,1417724695,438994349,57,100,101,1299,20129001,0
215,1417724695,438994349,52,100,100,1240,19907001,0
215,1417724695,439994336,56,100,100,1240,20137002,0
216,1417724695,439994336,51,100,101,1347,19946001,0
216,1417724695,439994336,58,100,99,2324,20609002,4
216,1417724695,439994336,50,100,99,2334,20282001,0
216,1417724695,458994091,55,100,101,1347,19926001,0
216,1417724695,458994091,59,100,101,1347,20367002,4
217,1417724695,458994091,53,100,109,1424,20229001,0
217,1417724695,458994091,52,100,101,1251,20432001,4
217,1417724695,459994078,51,100,101,1347,20425002,3
217,1417724695,459994078,56,100,101,1251,20507002,6
217,1417724695,459994078,54,100,99,2334,20228001,0
218,1417724695,459994078,57,100,101,1299,20685001,0
218,1417724695,459994078,58,100,100,2338,20761001,6
218,1417724695,459994078,50,100,99,2334,19531001,0
218,1417724695,479993821,52,100,101,1251,19709001,0
218,1417724695,479993821,51,100,102,1373,20384001,2
219,1417724695,479993821,54,100,99,2334,19942002,0
219,1417724695,479993821,56,100,101,1251,20559001,0
219,1417724695,479993821,55,100,102,1373,21091002,0
219,1417724695,479993821,59,100,101,1347,19842002,0
219,1417724695,479993821,53,100,108,1424,20200002,0
220,1417724695,481993795,58,100,100,2338,20457001,0
220,1417724695,481993795,57,100,101,1299,20455002,1
220,1417724695,481993795,50,100,99,2334,20001002,0
220,1417724695,499993563,52,100,101,1251,19779002,0
220,1417724695,499993563,51,100,101,1373,20313001,0
221,1417724695,499993563,54,100,99,2324,20364002,0
221,1417724695,499993563,56,100,101,1251,19997001,0
221,1417724695,499993563,55,100,101,1373,21444002,1
221,1417724695,500993550,59,100,102,1373,21632001,4
221,1417724695,500993550,53,100,107,1424,21302002,0
222,1417724695,500993550,58,100,100,2338,20821002,0
222,1417724695,501993537,57,100,101,1299,21614002,0
222,1417724695,501993537,50,100,99,2324,18415002,0
222,1417724695,520993293,51,100,101,1373,19669002,0
222,1417724695,520993293,52,100,100,1245,20295002,0
223,1417724695,520993293,54,100,99,2324,20612002,3
223,1417724695,520993293,56,100,100,1245,20165002,0
223,1417724695,520993293,55,100,101,1373,20451002,2
223,1417724695,520993293,53,100,106,1424,19448002,0
223,1417724695,520993293,59,100,101,1373,20271002,0
224,1417724695,520993293,58,100,100,2339,19726002,0
224,1417724695,521993280,57,100,111,1424,19382002,0
224,1417724695,521993280,51,100,102,1399,19516002,0
224,1417724695,540993035,52,100,100,1245,19824002,0
224,1417724695,540993035,50,100,99,2324,20111002,0
225,1417724695,540993035,54,100,99,2324,19602002,0
225,1417724695,540993035,55,100,102,1399,20059002,0
225,1417724695,540993035,56,100,100,1245,20670002,0
225,1417724695,540993035,53,100,105,1424,20378002,1
225,1417724695,541993023,59,100,101,1373,20484002,1
226,1417724695,541993023,58,100,100,2339,20192002,0
226,1417724695,541993023,57,100,109,1424,20339002,1
226,1417724695,542993010,52,100,100,1245,20145002,0
226,1417724695,560992778,51,100,101,1399,19709002,0
226,1417724695,560992778,50,100,99,2324,19560002,0
227,1417724695,560992778,54,100,99,2324,20611002,1
227,1417724695,560992778,55,100,101,1399,19909002,0
227,1417724695,561992765,56,100,100,1245,20236002,0
227,1417724695,561992765,59,100,102,1399,20081002,0
227,1417724695,561992765,53,100,104,1424,20138002,0
228,1417724695,561992765,58,100,100,2339,20200002,0
228,1417724695,561992765,57,100,108,1424,20176002,0
228,1417724695,562992752,51,100,101,1399,20227002,0
228,1417724695,580992520,52,100,100,1245,20058002,0
228,1417724695,581992508,50,100,99,2324,20155002,0
229,1417724695,581992508,54,100,100,2338,20054002,0
229,1417724695,581992508,55,100,101,1399,20563002,2
229,1417724695,581992508,56,100,100,1245,19742002,0
229,1417724695,581992508,59,100,101,1399,20099002,0
229,1417724695,581992508,58,100,101,2352,19918002,0
230,1417724695,581992508,53,100,109,1495,20105002,0
230,1417724695,581992508,57,100,107,1424,20199002,0
230,1417724695,581992508,51,100,101,1413,20275002,0
230,1417724695,601992250,52,100,100,1248,20026002,0
230,1417724695,601992250,50,100,100,2338,20177002,0
231,1417724695,601992250,54,100,100,2338,20547002,0
231,1417724695,601992250,55,100,101,1413,20222002,0
231,1417724695,601992250,56,100,100,1248,20406002,3
231,1417724695,601992250,59,100,101,1399,20188002,0
231,1417724695,601992250,53,100,108,1495,20288002,0
232,1417724695,602992237,58,100,101,2352,20388002,2
232,1417724695,602992237,57,100,106,1424,20634002,3
232,1417724695,602992237,50,100,100,2338,20245002,0
232,1417724695,621991993,52,100,100,1248,20242002,0
232,1417724695,621991993,51,100,101,1413,20294002,0
233,1417724695,621991993,54,100,100,2338,20495002,4
233,1417724695,621991993,55,100,101,1413,20318002,2
233,1417724695,621991993,56,100,100,1248,20624002,4
233,1417724695,621991993,59,100,101,1413,20279002,0
233,1417724695,622991980,53,100,107,1495,19925002,0
234,1417724695,622991980,58,100,101,2352,20662002,4
234,1417724695,622991980,57,100,105,1424,20938002,2
234,1417724695,622991980,51,100,101,1413,20232002,0
234,1417724695,641991735,52,100,100,1248,19188002,0
234,1417724695,641991735,50,100,100,2338,20045002,0
235,1417724695,641991735,54,100,100,2339,19811002,0
235,1417724695,642991722,55,100,101,1413,20348002,5
235,1417724695,642991722,56,100,100,1248,20111002,0
235,1417724695,642991722,59,100,101,1413,20127002,0
235,1417724695,642991722,53,100,106,1495,19797002,0
236,1417724695,642991722,58,100,101,2352,20174002,0
236,1417724695,642991722,57,100,104,1424,18975002,0
236,1417724695,642991722,51,100,101,1413,20226002,0
236,1417724695,661991478,50,100,100,2339,20149002,0
236,1417724695,662991465,52,100,99,1247,20254002,0
237,1417724695,662991465,54,100,100,2339,19905002,0
237,1417724695,662991465,55,100,101,1413,20153002,0
237,1417724695,662991465,56,100,99,1247,20419002,1
237,1417724695,662991465,59,100,101,1413,20275002,1
237,1417724695,662991465,53,100,105,1495,20183002,0
238,1417724695,662991465,58,100,99,2333,20095002,0
238,1417724695,662991465,57,100,109,1495,20451002,4
238,1417724695,662991465,52,100,99,1247,20305002,1
238,1417724695,682991207,51,100,102,1442,20215002,0
238,1417724695,682991207,50,100,100,2339,20116002,0
239,1417724695,682991207,55,100,102,1442,20400002,3
239,1417724695,682991207,56,100,99,1247,20387002,6
239,1417724695,682991207,54,100,100,2339,20380002,4
239,1417724695,682991207,59,100,101,1413,20992002,3
239,1417724695,682991207,53,100,104,1495,21027002,2
240,1417724695,682991207,57,100,108,1495,21157002,2
240,1417724695,683991194,58,100,99,2333,20868002,3
240,1417724695,683991194,52,100,99,1247,20202000,0
240,1417724695,702990950,51,100,101,1442,20341000,0
240,1417724695,702990950,50,100,100,2339,20521000,3
241,1417724695,702990950,55,100,101,1442,20457000,4
241,1417724695,702990950,56,100,99,1247,20770000,1
241,1417724695,702990950,54,100,101,2352,20831000,0
241,1417724695,703990937,59,100,102,1442,20156000,0
241,1417724695,703990937,57,100,107,1495,20240000,2
242,1417724695,703990937,58,100,99,2333,20307000,0
242,1417724695,703990937,53,100,103,1495,20591000,1
242,1417724695,703990937,51,100,101,1442,20429000,1
242,1417724695,722990692,52,100,100,1259,20247000,0
242,1417724695,723990679,50,100,101,2352,19659000,0
243,1417724695,723990679,55,100,101,1442,19999000,0
243,1417724695,723990679,56,100,100,1259,20819000,3
243,1417724695,723990679,54,100,101,2352,20257000,0
243,1417724695,723990679,59,100,101,1442,20252000,0
243,1417724695,723990679,57,100,106,1495,21122000,11
244,1417724695,723990679,58,100,97,2304,20510000,1
244,1417724695,723990679,53,100,102,1495,20493000,1
244,1417724695,723990679,50,100,101,2352,20235000,0
244,1417724695,743990422,52,100,100,1259,19899000,0
244,1417724695,743990422,51,100,102,1469,19850000,0
245,1417724695,743990422,55,100,102,1469,20299000,1
245,1417724695,743990422,56,100,100,1259,20352000,1
245,1417724695,743990422,54,100,101,2352,20132000,0
245,1417724695,743990422,59,100,101,1442,20556000,3
245,1417724695,743990422,58,100,98,2304,19954000,0
246,1417724695,743990422,57,100,105,1495,20341000,0
246,1417724695,744990409,53,100,101,1495,20340000,0
246,1417724695,744990409,51,100,101,1469,20026000,0
246,1417724695,763990164,52,100,100,1259,20252000,0
246,1417724695,763990164,50,100,101,2352,19755000,0
247,1417724695,763990164,56,100,100,1259,20040000,0
247,1417724695,763990164,55,100,101,1469,19959000,0
247,1417724695,763990164,59,100,102,1469,19845000,0
247,1417724695,764990151,54,100,101,2352,20999000,6
247,1417724695,764990151,58,100,99,2304,20241000,0
248,1417724695,764990151,57,100,104,1495,20241000,0
248,1417724695,764990151,53,100,101,1495,19622000,0
248,1417724695,764990151,50,100,101,2352,20272000,0
248,1417724695,783989907,51,100,101,1469,20184000,0
248,1417724695,783989907,52,100,100,1259,20177000,0
249,1417724695,783989907,55,100,101,1469,20398000,4
249,1417724695,783989907,56,100,100,1259,20398000,2
249,1417724695,783989907,59,100,101,1469,20413000,4
249,1417724695,783989907,58,100,98,2290,20155000,0
249,1417724695,784989894,54,100,99,2333,19798000,0
250,1417724695,784989894,53,100,101,1495,20347000,1
250,1417724695,784989894,57,100,103,1495,19615000,0
250,1417724695,784989894,51,100,101,1473,20005000,0
250,1417724695,803989649,50,100,99,2333,20123000,0
250,1417724695,804989637,52,100,101,1269,20265000,0
251,1417724695,804989637,55,100,101,1473,20349000,0
251,1417724695,804989637,56,100,101,1269,20538000,1
251,1417724695,804989637,59,100,101,1469,20673000,9
251,1417724695,804989637,58,100,99,2290,20448000,1
251,1417724695,804989637,54,100,99,2333,20879000,8
252,1417724695,804989637,53,100,101,1495,19616000,0
252,1417724695,804989637,57,100,102,1495,21180000,16
252,1417724695,804989637,51,100,101,1473,20067000,0
252,1417724695,824989379,50,100,99,2333,19491000,0
252,1417724695,824989379,52,100,101,1269,20112000,0
253,1417724695,824989379,55,100,101,1473,20092000,0
253,1417724695,824989379,56,100,101,1269,20000000,0
253,1417724695,824989379,59,100,101,1473,19762000,0
253,1417724695,824989379,58,100,99,2290,20049000,0
253,1417724695,824989379,54,100,99,2333,19749000,0
254,1417724695,824989379,53,100,101,1495,20285000,2
254,1417724695,824989379,57,100,101,1495,19924000,0
254,1417724695,824989379,50,100,99,2333,19919000,0
254,1417724695,844989122,52,100,101,1269,20377000,2
254,1417724695,844989122,51,100,101,1473,20179000,0
255,1417724695,844989122,55,100,101,1473,19907000,0
255,1417724695,844989122,56,100,101,1269,20124000,0
255,1417724695,844989122,59,100,101,1473,20421000,5
255,1417724695,845989109,58,100,99,2290,20151000,0
255,1417724695,845989109,54,100,97,2304,19960000,0
256,1417724695,845989109,53,100,106,1561,20111000,0
256,1417724695,845989109,57,100,101,1495,20184000,0
256,1417724695,845989109,55,100,101,1473,20159000,0
256,1417724695,864988864,50,100,97,2304,20151000,0
256,1417724695,864988864,52,100,101,1271,20077000,0
257,1417724695,864988864,51,100,101,1473,19928000,0
257,1417724695,864988864,59,100,101,1473,19999000,0
257,1417724695,865988851,56,100,101,1271,20195000,0
257,1417724695,865988851,58,100,96,2254,20157000,0
257,1417724695,865988851,54,100,98,2304,19897000,0
258,1417724695,865988851,53,100,105,1561,20093000,0
258,1417724695,865988851,57,100,101,1495,20280000,1
258,1417724695,865988851,50,100,98,2304,20202000,0
258,1417724695,884988607,55,100,102,1497,20148000,0
258,1417724695,884988607,52,100,101,1271,20243000,0
259,1417724695,885988594,51,100,102,1497,20067000,0
259,1417724695,885988594,59,100,101,1473,20079000,0
259,1417724695,885988594,58,100,97,2254,20454000,6
259,1417724695,885988594,54,100,99,2304,20524000,4
259,1417724695,885988594,56,100,101,1271,20348000,1
260,1417724695,885988594,57,100,101,1495,20403000,2
260,1417724695,885988594,53,100,104,1561,20771000,2
260,1417724695,885988594,50,100,99,2304,20051000,0
260,1417724695,905988336,55,100,101,1497,20128000,0
260,1417724695,905988336,51,100,101,1497,20384000,0
261,1417724695,905988336,52,100,101,1271,20266000,0
261,1417724695,905988336,59,100,102,1497,20547000,1
261,1417724695,905988336,58,100,98,2254,20546000,2
261,1417724695,905988336,54,100,98,2290,20492000,10
261,1417724695,905988336,56,100,101,1271,20682000,2
262,1417724695,905988336,57,100,101,1495,20247000,3
262,1417724695,906988323,53,100,103,1561,20398000,2
262,1417724695,906988323,50,100,98,2290,20109000,0
262,1417724695,925988079,55,100,101,1497,19904000,0
262,1417724695,925988079,51,100,101,1497,20208000,0
263,1417724695,925988079,52,100,101,1271,20262000,0
263,1417724695,925988079,59,100,101,1497,20546000,4
263,1417724695,926988066,58,100,96,2231,20539000,4
263,1417724695,926988066,54,100,99,2290,20167000,0
263,1417724695,926988066,56,100,101,1271,20779000,2
264,1417724695,926988066,57,100,106,1561,20521000,2
264,1417724695,926988066,53,100,102,1561,20939000,5
264,1417724695,926988066,52,100,101,1271,20029000,0
264,1417724695,945987821,51,100,103,1535,19978000,0
264,1417724695,945987821,55,100,103,1535,19419000,0
265,1417724695,945987821,50,100,99,2290,19835000,0
265,1417724695,946987808,59,100,101,1497,20181000,0
265,1417724695,946987808,54,100,99,2290,20110000,0
265,1417724695,946987808,58,100,97,2231,19624000,0
265,1417724695,946987808,56,100,101,1271,20480000,1
266,1417724695,946987808,57,100,105,1561,20148000,0
266,1417724695,946987808,53,100,101,1561,20141000,0
266,1417724695,946987808,55,100,102,1535,19953000,0
266,1417724695,965987564,50,100,99,2290,19979000,0
266,1417724695,966987551,59,100,103,1535,19826000,0
267,1417724695,966987551,54,100,99,2290,20165000,0
267,1417724695,966987551,51,100,102,1535,20204000,0
267,1417724695,966987551,52,100,101,1271,20227000,0
267,1417724695,966987551,58,100,98,2231,20117000,0
267,1417724695,966987551,56,100,101,1271,20117000,0
268,1417724695,966987551,57,100,104,1561,20530000,7
268,1417724695,966987551,53,100,101,1561,20159000,0
268,1417724695,966987551,50,100,99,2290,20045000,0
268,1417724695,986987293,55,100,101,1535,20079000,0
268,1417724695,986987293,52,100,101,1271,20190000,0
269,1417724695,986987293,54,100,96,2254,20161000,0
269,1417724695,986987293,58,100,97,2214,20306000,1
269,1417724695,986987293,56,100,101,1271,20118000,0
269,1417724695,986987293,53,100,112,1696,20237000,0
269,1417724695,986987293,51,100,101,1535,20158000,0
270,1417724695,987987280,59,100,102,1535,20143000,0
270,1417724695,987987280,57,100,103,1561,20306000,4
270,1417724695,987987280,55,100,101,1539,20146000,0
270,1417724696,6999910,50,100,96,2254,20082000,0
270,1417724696,6999910,54,100,97,2254,20301000,0
271,1417724696,7999898,58,100,98,2214,20505000,0
271,1417724696,7999898,52,100,99,1258,20657000,0
271,1417724696,7999898,56,100,99,1258,20660000,5
271,1417724696,7999898,53,100,110,1696,21094000,5
271,1417724696,7999898,51,100,101,1539,21272000,0
272,1417724696,7999898,59,100,101,1535,21561000,0
272,1417724696,7999898,57,100,102,1561,21628000,0
272,1417724696,7999898,55,100,101,1539,20035001,0
272,1417724696,27999640,50,100,97,2254,19597000,0
272,1417724696,27999640,58,100,99,2214,19481001,0
273,1417724696,27999640,54,100,98,2254,18809001,0
273,1417724696,27999640,52,100,99,1258,19862001,0
273,1417724696,27999640,56,100,99,1258,20297000,0
273,1417724696,27999640,51,100,101,1539,19792000,0
273,1417724696,27999640,53,100,109,1696,20021000,0
274,1417724696,27999640,59,100,101,1539,19569001,0
274,1417724696,27999640,57,100,101,1561,19811000,0
274,1417724696,27999640,55,100,101,1539,20056000,0
274,1417724696,47999383,50,100,98,2254,20104001,0
274,1417724696,47999383,54,100,96,2231,20219000,0
275,1417724696,47999383,52,100,99,1258,20304000,5
275,1417724696,47999383,56,100,99,1258,20032000,0
275,1417724696,47999383,58,100,99,2214,19985000,0
275,1417724696,47999383,51,100,101,1539,20482000,1
275,1417724696,48999370,53,100,108,1696,20285001,2
276,1417724696,48999370,59,100,101,1539,19911000,0
276,1417724696,48999370,57,100,101,1561,1030001,0
276,1417724696,48999370,50,100,96,2231,20061001,0
276,1417724696,67999125,54,100,97,2231,19868000,0
276,1417724696,67999125,58,100,97,2191,20092001,0
277,1417724696,67999125,56,100,99,1261,20203000,0
277,1417724696,67999125,52,100,99,1261,20335001,0
277,1417724696,68999112,55,100,101,1539,20191000,0
277,1417724696,68999112,51,100,101,1539,20072001,0
277,1417724696,68999112,53,100,107,1696,20177000,0
278,1417724696,68999112,59,100,101,1539,19995001,0
278,1417724696,68999112,57,100,112,1696,20355001,4
278,1417724696,68999112,54,100,98,2231,20183001,0
278,1417724696,87998868,50,100,97,2231,20044001,0
278,1417724696,87998868,58,100,98,2191,20245000,0
279,1417724696,88998855,52,100,99,1261,20401001,1
279,1417724696,88998855,53,100,106,1696,20475001,4
279,1417724696,88998855,51,100,101,1558,20625000,1
279,1417724696,88998855,59,100,101,1539,20078001,0
279,1417724696,88998855,55,100,101,1558,20281001,0
280,1417724696,88998855,56,100,99,1261,20312001,6
280,1417724696,88998855,57,100,110,1696,20245001,0
280,1417724696,88998855,54,100,97,2214,20219001,0
280,1417724696,109998584,50,100,98,2231,20280001,0
280,1417724696,109998584,58,100,99,2191,20184001,0
281,1417724696,109998584,52,100,99,1261,20563001,5
281,1417724696,109998584,53,100,105,1696,20821001,7
281,1417724696,109998584,51,100,101,1558,20932001,11
281,1417724696,109998584,59,100,101,1558,20970001,4
281,1417724696,109998584,55,100,101,1558,20923001,0
282,1417724696,109998584,56,100,99,1261,21113001,0
282,1417724696,110998571,57,100,109,1696,21103001,14
282,1417724696,110998571,50,100,97,2214,19624001,0
282,1417724696,129998327,54,100,98,2214,20176001,0
282,1417724696,129998327,58,100,99,2185,19989001,0
283,1417724696,129998327,52,100,100,1276,18890001,0
283,1417724696,129998327,53,100,109,1765,19665001,0
283,1417724696,129998327,51,100,101,1558,19789001,0
283,1417724696,129998327,59,100,101,1558,19052001,0
283,1417724696,130998314,56,100,100,1276,19702001,0
284,1417724696,130998314,57,100,108,1696,19377001,0
284,1417724696,130998314,55,100,101,1558,19866001,0
284,1417724696,130998314,50,100,98,2214,20095001,0
284,1417724696,149998069,58,100,99,2185,20111001,0
284,1417724696,149998069,54,100,99,2214,20213001,0
285,1417724696,149998069,52,100,100,1276,20147001,0
285,1417724696,150998056,53,100,108,1765,19929001,0
285,1417724696,150998056,59,100,101,1558,20287001,2
285,1417724696,150998056,51,100,102,1585,20219001,0
285,1417724696,150998056,56,100,100,1276,20297001,2
286,1417724696,150998056,55,100,102,1585,20086001,0
286,1417724696,150998056,57,100,107,1696,20540001,1
286,1417724696,150998056,54,100,99,2214,20327001,2
286,1417724696,169997812,50,100,99,2214,20115001,0
286,1417724696,170997799,58,100,99,2185,19941001,0
287,1417724696,170997799,52,100,100,1276,20561001,2
287,1417724696,170997799,53,100,107,1765,20278001,1
287,1417724696,170997799,59,100,102,1585,20440001,3
287,1417724696,170997799,51,100,101,1585,20352001,1
287,1417724696,170997799,56,100,100,1276,20061001,0
288,1417724696,170997799,55,100,101,1585,20353001,3
288,1417724696,170997799,57,100,106,1696,20602001,9
288,1417724696,171997786,54,100,97,2191,20213001,0
288,1417724696,190997541,58,100,98,2166,20233001,0
288,1417724696,190997541,50,100,99,2214,20285001,0
289,1417724696,190997541,53,100,106,1765,20256001,4
289,1417724696,190997541,59,100,101,1585,20462001,1
289,1417724696,190997541,52,100,100,1276,20160001,0
289,1417724696,190997541,56,100,100,1276,20566001,6
289,1417724696,190997541,51,100,101,1585,20616001,6
290,1417724696,190997541,57,100,105,1696,20702001,2
290,1417724696,191997529,55,100,101,1585,20536001,2
290,1417724696,191997529,58,100,99,2166,20287001,0
290,1417724696,210997284,50,100,97,2191,20375001,1
290,1417724696,210997284,53,100,105,1765,20250001,1
291,1417724696,210997284,54,100,98,2191,20279001,0
291,1417724696,210997284,59,100,101,1585,20340001,4
291,1417724696,210997284,52,100,101,1290,20524001,1
291,1417724696,211997271,56,100,101,1290,20436001,3
291,1417724696,211997271,51,100,102,1606,20571001,1
292,1417724696,211997271,57,100,109,1765,20574001,4
292,1417724696,211997271,55,100,102,1606,20957001,10
292,1417724696,211997271,58,100,99,2166,20313001,0
292,1417724696,230997026,50,100,98,2191,20456001,1
292,1417724696,230997026,53,100,104,1765,20429001,4
293,1417724696,231997014,59,100,102,1606,20515001,1
293,1417724696,231997014,54,100,99,2191,20630001,1
293,1417724696,231997014,52,100,101,1290,18917001,0
293,1417724696,231997014,56,100,101,1290,20596001,7
293,1417724696,231997014,51,100,101,1606,20685001,2
294,1417724696,231997014,57,100,108,1765,20116001,0
294,1417724696,231997014,55,100,101,1606,18578001,0
294,1417724696,231997014,58,100,99,2166,20073001,0
294,1417724696,251996756,53,100,103,1765,20154001,0
294,1417724696,251996756,50,100,99,2191,20073001,0
295,1417724696,251996756,59,100,101,1606,20064001,0
295,1417724696,251996756,54,100,99,2185,20468001,3
295,1417724696,251996756,52,100,101,1290,20298001,2
295,1417724696,251996756,56,100,101,1290,20464001,1
295,1417724696,251996756,57,100,107,1765,20260001,3
296,1417724696,251996756,51,100,101,1606,20201001,0
296,1417724696,251996756,55,100,101,1606,20323001,10
296,1417724696,252996743,50,100,99,2185,20191001,0
296,1417724696,271996499,54,100,99,2185,20154001,0
296,1417724696,271996499,58,100,96,2135,19841001,0
297,1417724696,271996499,59,100,101,1606,20290001,3
297,1417724696,271996499,56,100,101,1296,19875001,0
297,1417724696,271996499,52,100,101,1296,20451001,3
297,1417724696,272996486,53,100,102,1765,19796001,0
297,1417724696,272996486,57,100,106,1765,20328001,9
298,1417724696,272996486,51,100,101,1606,20215001,0
298,1417724696,272996486,55,100,101,1606,20759001,1
298,1417724696,272996486,56,100,101,1296,20301001,5
298,1417724696,291996241,50,100,99,2185,20015001,0
298,1417724696,291996241,59,100,101,1606,20080001,0
299,1417724696,291996241,58,100,97,2135,19994001,0
299,1417724696,291996241,53,100,101,1765,20331001,1
299,1417724696,292996228,54,100,99,2185,20221001,0
299,1417724696,292996228,52,100,101,1296,20116001,0
299,1417724696,292996228,57,100,105,1765,20306001,0
300,1417724696,292996228,51,100,101,1623,20666001,2
300,1417724696,292996228,55,100,101,1623,20107001,0
300,1417724696,292996228,58,100,98,2135,20058001,0
300,1417724696,312995971,59,100,101,1623,20238001,0
300,1417724696,312995971,54,100,98,2166,20299001,0
301,1417724696,312995971,56,100,101,1296,20298001,0
301,1417724696,312995971,57,100,104,1765,20567001,6
301,1417724696,312995971,52,100,101,1296,20552001,4
301,1417724696,312995971,53,100,101,1765,20351001,6
301,1417724696,312995971,55,100,101,1623,20525001,12
302,1417724696,313995958,51,100,101,1623,20691001,4
302,1417724696,313995958,50,100,99,2185,20472001,0
302,1417724696,313995958,54,100,99,2166,19957001,0
302,1417724696,332995713,59,100,101,1623,20126001,0
302,1417724696,332995713,58,100,96,2109,19643001,0
303,1417724696,332995713,57,100,103,1765,20190001,0
303,1417724696,332995713,52,100,101,1300,20139001,0
303,1417724696,332995713,53,100,101,1765,20495001,0
303,1417724696,333995700,55,100,101,1623,20212001,0
303,1417724696,333995700,56,100,101,1300,20482001,0
304,1417724696,333995700,50,100,98,2166,20263001,0
304,1417724696,333995700,51,100,101,1623,20659001,0
304,1417724696,333995700,54,100,99,2166,20033001,0
304,1417724696,352995456,57,100,102,1765,20051001,0
304,1417724696,352995456,58,100,97,2109,20123001,0
305,1417724696,352995456,52,100,101,1300,19770001,0
305,1417724696,353995443,53,100,101,1765,19971001,0
305,1417724696,353995443,59,100,101,1623,19798001,0
305,1417724696,353995443,55,100,101,1630,19936001,0
305,1417724696,353995443,56,100,101,1300,20469001,2
306,1417724696,353995443,50,100,99,2166,20399001,7
306,1417724696,353995443,51,100,101,1630,20113001,0
306,1417724696,353995443,52,100,101,1300,19975001,0
306,1417724696,372995198,58,100,98,2109,20190001,0
306,1417724696,372995198,54,100,99,2166,20077001,0
307,1417724696,372995198,53,100,101,1765,19692001,0
307,1417724696,372995198,55,100,101,1630,19881001,0
307,1417724696,373995185,57,100,101,1765,20244001,0
307,1417724696,373995185,59,100,101,1630,20371001,1
307,1417724696,373995185,56,100,101,1300,20271001,1
308,1417724696,373995185,50,100,99,2166,20514001,8
308,1417724696,373995185,51,100,101,1630,20134001,0
308,1417724696,373995185,58,100,97,2091,20229001,0
308,1417724696,393994928,52,100,101,1300,19989001,0
308,1417724696,393994928,53,100,101,1765,19731001,0
309,1417724696,393994928,55,100,101,1630,19455001,0
309,1417724696,393994928,59,100,101,1630,20386001,4
309,1417724696,393994928,54,100,96,2135,19967001,0
309,1417724696,393994928,56,100,101,1300,20262001,5
309,1417724696,393994928,57,100,101,1765,20247001,0
310,1417724696,393994928,50,100,99,2166,20102001,0
310,1417724696,393994928,51,100,101,1630,20306001,1
310,1417724696,394994915,58,100,98,2091,20398001,0
310,1417724696,413994670,53,100,101,1765,20135001,0
310,1417724696,413994670,55,100,101,1643,19930001,0
311,1417724696,413994670,59,100,101,1630,20397001,0
311,1417724696,413994670,54,100,97,2135,20256001,0
311,1417724696,413994670,52,100,101,1300,20442001,0
311,1417724696,413994670,57,100,101,1765,20604001,6
311,1417724696,413994670,50,100,96,2135,20772001,8
312,1417724696,413994670,51,100,101,1643,20569001,18
312,1417724696,414994658,56,100,101,1300,20263001,0
312,1417724696,414994658,58,100,99,2091,19732001,0
312,1417724696,433994413,59,100,101,1643,20159001,0
312,1417724696,433994413,53,100,101,1765,20133001,0
313,1417724696,433994413,54,100,98,2135,19663001,0
313,1417724696,433994413,52,100,101,1300,20404001,2
313,1417724696,433994413,57,100,101,1765,20159001,0
313,1417724696,434994400,55,100,101,1643,19997001,0
313,1417724696,434994400,50,100,97,2135,20073002,0
314,1417724696,434994400,51,100,101,1643,20057002,0
314,1417724696,434994400,56,100,101,1300,20542001,0
314,1417724696,434994400,58,100,99,2091,20080002,0
314,1417724696,453994155,53,100,101,1765,20215001,0
314,1417724696,454994143,54,100,96,2109,19839002,0
315,1417724696,454994143,52,100,101,1300,19722002,0
315,1417724696,454994143,55,100,101,1643,19896001,0
315,1417724696,454994143,59,100,101,1643,20225002,0
315,1417724696,454994143,57,100,101,1765,20130002,0
315,1417724696,454994143,50,100,98,2135,20455001,1
316,1417724696,454994143,56,100,101,1300,20293001,1
316,1417724696,454994143,51,100,101,1643,20286001,1
316,1417724696,454994143,53,100,101,1765,20097002,0
316,1417724696,474993885,58,100,97,2063,19758001,0
316,1417724696,474993885,55,100,101,1643,19911002,0
317,1417724696,474993885,59,100,101,1643,20317002,6
317,1417724696,474993885,54,100,97,2109,19977001,0
317,1417724696,474993885,52,100,99,1282,20209001,0
317,1417724696,474993885,50,100,96,2109,20161002,0
317,1417724696,474993885,57,100,101,1765,20280002,0
318,1417724696,474993885,56,100,99,1282,20323002,5
318,1417724696,474993885,51,100,101,1643,20083001,0
318,1417724696,475993872,53,100,101,1765,20214002,0
318,1417724696,494993628,58,100,98,2063,19824002,0
318,1417724696,494993628,54,100,98,2109,19911002,0
319,1417724696,494993628,52,100,99,1282,20118002,0
319,1417724696,494993628,55,100,101,1662,19988002,0
319,1417724696,494993628,50,100,97,2109,19961002,0
319,1417724696,494993628,59,100,101,1643,20334002,0
319,1417724696,495993615,57,100,101,1765,20368002,7
320,1417724696,495993615,51,100,101,1662,20042002,0
320,1417724696,495993615,56,100,99,1282,20348002,10
320,1417724696,495993615,52,100,99,1282,20303002,0
320,1417724696,514993370,53,100,101,1765,20318002,0
320,1417724696,514993370,58,100,99,2063,19943002,0
321,1417724696,514993370,54,100,97,2091,20141002,0
321,1417724696,515993357,55,100,101,1662,20077002,0
321,1417724696,515993357,59,100,101,1662,20402002,0
321,1417724696,515993357,57,100,101,1765,20342002,0
321,1417724696,515993357,56,100,99,1282,20571002,1
322,1417724696,515993357,51,100,101,1662,20486002,13
322,1417724696,515993357,50,100,98,2109,20767002,2
322,1417724696,515993357,53,100,101,1765,19789002,0
322,1417724696,535993100,55,100,101,1662,19863002,0
322,1417724696,535993100,58,100,97,2042,19564002,0
323,1417724696,535993100,59,100,101,1662,20036002,0
323,1417724696,535993100,56,100,99,1290,20258002,1
323,1417724696,535993100,57,100,101,1765,20065002,0
323,1417724696,535993100,52,100,99,1290,20163002,0
323,1417724696,535993100,54,100,98,2091,20303002,0
324,1417724696,536993087,51,100,101,1662,20263002,0
324,1417724696,536993087,50,100,97,2091,20583002,1
324,1417724696,536993087,53,100,101,1765,20027002,0
324,1417724696,555992842,56,100,99,1290,20145002,0
324,1417724696,555992842,52,100,99,1290,20096002,0
325,1417724696,555992842,54,100,99,2091,20163002,0
325,1417724696,555992842,57,100,101,1765,19878002,0
325,1417724696,555992842,58,100,98,2042,19912002,0
325,1417724696,555992842,59,100,101,1662,19597002,0
325,1417724696,555992842,55,100,101,1668,20294002,0
326,1417724696,555992842,50,100,98,2091,19819002,0
326,1417724696,556992829,51,100,101,1668,19970002,0
326,1417724696,556992829,52,100,99,1290,19869002,0
326,1417724696,575992585,54,100,99,2091,19819002,0
326,1417724696,575992585,57,100,101,1765,20098002,0
327,1417724696,575992585,55,100,101,1668,20258002,0
327,1417724696,575992585,58,100,99,2042,20014002,0
327,1417724696,576992572,59,100,101,1668,19863002,0
327,1417724696,576992572,50,100,99,2091,19839002,0
327,1417724696,576992572,53,100,101,1765,20287002,0
328,1417724696,576992572,56,100,99,1290,20080002,0
328,1417724696,576992572,51,100,101,1668,20294002,0
328,1417724696,576992572,59,100,101,1668,19947002,0
328,1417724696,596992314,55,100,101,1668,19892002,0
328,1417724696,596992314,56,100,99,1290,20202002,0
329,1417724696,596992314,52,100,99,1290,20033002,0
329,1417724696,596992314,54,100,97,2063,19900002,0
329,1417724696,596992314,53,100,101,1765,20151002,0
329,1417724696,596992314,51,100,101,1668,20263002,0
329,1417724696,596992314,57,100,101,1765,20293002,0
330,1417724696,596992314,58,100,98,2030,19909002,0
330,1417724696,597992302,50,100,99,2091,19825002,0
330,1417724696,597992302,59,100,101,1668,19983002,0
330,1417724696,616992057,56,100,100,1305,20332002,0
330,1417724696,616992057,52,100,100,1305,19935002,0
331,1417724696,616992057,53,100,101,1765,20337002,0
331,1417724696,616992057,54,100,98,2063,20494002,0
331,1417724696,616992057,55,100,101,1684,20258002,0
331,1417724696,616992057,51,100,101,1684,20525002,0
331,1417724696,617992044,57,100,101,1765,20508002,0
332,1417724696,617992044,50,100,97,2063,20623002,0
332,1417724696,617992044,58,100,99,2030,20379002,0
332,1417724696,617992044,52,100,100,1305,19527002,0
332,1417724696,636991799,59,100,101,1684,20106002,0
332,1417724696,636991799,56,100,100,1305,19765002,0
333,1417724696,636991799,57,100,101,1765,19870002,0
333,1417724696,637991787,55,100,101,1684,20068002,0
333,1417724696,637991787,53,100,101,1765,19958002,0
333,1417724696,637991787,54,100,99,2063,19849002,0
333,1417724696,637991787,51,100,101,1684,20113002,0
334,1417724696,637991787,58,100,99,2030,20788002,14
334,1417724696,637991787,50,100,98,2063,20678002,0
334,1417724696,637991787,59,100,101,1684,19675002,0
334,1417724696,656991542,55,100,101,1684,20045002,0
334,1417724696,656991542,53,100,101,1765,20231002,0
335,1417724696,656991542,57,100,101,1765,19973002,0
335,1417724696,657991529,54,100,97,2042,20130002,0
335,1417724696,657991529,56,100,100,1305,20177002,0
335,1417724696,657991529,51,100,101,1684,19862002,0
335,1417724696,657991529,58,100,99,2030,20148002,0
336,1417724696,657991529,52,100,100,1305,20376002,0
336,1417724696,657991529,50,100,99,2063,426002,0
336,1417724696,657991529,59,100,101,1684,19759002,0
336,1417724696,677991272,55,100,101,1684,20378002,2
336,1417724696,677991272,57,100,101,1765,20406002,3
337,1417724696,677991272,54,100,98,2042,20554002,4
337,1417724696,677991272,53,100,101,1765,20587002,8
337,1417724696,677991272,51,100,101,1684,20587002,1
337,1417724696,677991272,52,100,99,1302,20138002,0
337,1417724696,677991272,56,100,99,1302,20596002,1
338,1417724696,677991272,58,100,99,2024,20852002,9
338,1417724696,677991272,50,100,97,2042,20219002,1
338,1417724696,677991272,59,100,101,1684,20169000,0
338,1417724696,697991014,55,100,102,1705,20475000,3
338,1417724696,697991014,54,100,99,2042,20204000,1
339,1417724696,697991014,53,100,101,1765,20018000,0
339,1417724696,697991014,57,100,101,1765,19854000,0
339,1417724696,697991014,51,100,102,1705,20327000,2
339,1417724696,698991001,56,100,99,1302,20190000,0
339,1417724696,698991001,58,100,99,2024,20070000,0
340,1417724696,698991001,50,100,98,2042,20459000,5
340,1417724696,698991001,52,100,99,1302,19989000,0
340,1417724696,698991001,55,100,101,1705,20392000,2
340,1417724696,717990757,54,100,98,2030,20663000,9
340,1417724696,717990757,53,100,101,1765,20744000,12
341,1417724696,717990757,57,100,101,1765,20742000,10
341,1417724696,718990744,59,100,102,1705,20573000,5
341,1417724696,718990744,51,100,101,1705,20927000,17
341,1417724696,718990744,56,100,99,1302,20150000,0
341,1417724696,718990744,50,100,99,2042,21011000,14
342,1417724696,718990744,52,100,99,1302,20628000,15
342,1417724696,718990744,58,100,99,2024,20821000,14
342,1417724696,718990744,55,100,101,1705,18988000,0
342,1417724696,738990486,54,100,99,2030,20162000,0
342,1417724696,738990486,53,100,101,1765,20400000,3
343,1417724696,738990486,57,100,101,1765,20033000,0
343,1417724696,738990486,52,100,99,1307,19784000,0
343,1417724696,738990486,56,100,99,1307,20607000,13
343,1417724696,738990486,50,100,98,2030,20055000,0
343,1417724696,738990486,51,100,101,1705,20144000,0
344,1417724696,738990486,59,100,101,1705,20390000,0
344,1417724696,738990486,58,100,99,2024,20590000,0
344,1417724696,739990473,55,100,101,1720,19303000,0
344,1417724696,758990229,53,100,101,1765,20362000,0
344,1417724696,758990229,54,100,99,2030,20904000,3
345,1417724696,758990229,52,100,99,1307,20300000,0
345,1417724696,758990229,51,100,101,1720,20378000,0
345,1417724696,758990229,57,100,101,1765,20137000,0
345,1417724696,758990229,50,100,99,2030,20803000,1
345,1417724696,758990229,59,100,101,1705,20448000,0
346,1417724696,759990216,56,100,99,1307,20877000,0
346,1417724696,759990216,58,100,99,2024,21495000,7
346,1417724696,759990216,55,100,101,1720,19281000,0
346,1417724696,778989971,54,100,99,2030,20211000,0
346,1417724696,778989971,52,100,99,1307,20846000,1
347,1417724696,778989971,51,100,101,1720,20083000,0
347,1417724696,778989971,59,100,101,1720,20782000,2
347,1417724696,779989958,53,100,101,1765,20369000,0
347,1417724696,779989958,57,100,101,1765,19920000,0
347,1417724696,779989958,56,100,99,1307,21290000,1
348,1417724696,779989958,50,100,99,2030,20227000,0
348,1417724696,779989958,58,100,99,2024,21776000,2
348,1417724696,779989958,55,100,101,1720,19454000,0
348,1417724696,799989701,54,100,99,2024,20645000,1
348,1417724696,799989701,57,100,101,1765,20281000,0
349,1417724696,799989701,52,100,99,1307,20335000,0
349,1417724696,799989701,56,100,99,1307,20688000,8
349,1417724696,799989701,50,100,99,2030,20197000,0
349,1417724696,799989701,59,100,101,1720,20754000,0
349,1417724696,799989701,53,100,101,1765,20510000,0
350,1417724696,801989675,51,100,101,1720,21451000,3
350,1417724696,801989675,58,100,98,2009,21163000,5
350,1417724696,801989675,55,100,101,1733,20658000,2
350,1417724696,819989443,57,100,101,1765,21355000,2
350,1417724696,819989443,52,100,99,1315,21173000,7
351,1417724696,819989443,56,100,99,1315,19952000,0
351,1417724696,819989443,50,100,99,2024,21395000,17
351,1417724696,819989443,54,100,99,2024,21519000,1
351,1417724696,820989431,59,100,101,1720,20994000,1
351,1417724696,820989431,53,100,101,1765,22116000,1
352,1417724696,821989418,51,100,101,1733,21084000,0
352,1417724696,821989418,58,100,99,2009,21508000,0
352,1417724696,821989418,55,100,101,1733,19037000,0
352,1417724696,839989186,57,100,101,1765,17473000,0
352,1417724696,839989186,52,100,99,1315,18873000,0
353,1417724696,840989173,56,100,99,1315,19080000,0
353,1417724696,840989173,50,100,99,2024,19522000,0
353,1417724696,840989173,54,100,99,2024,19430000,0
353,1417724696,840989173,59,100,101,1733,17769000,0
353,1417724696,840989173,53,100,101,1765,20179000,0
354,1417724696,841989160,51,100,101,1733,20313000,0
354,1417724696,842989147,58,100,99,2009,20124000,0
354,1417724696,842989147,55,100,101,1733,20377000,0
354,1417724696,860988916,57,100,101,1765,20362000,1
354,1417724696,860988916,52,100,99,1315,20344000,1
355,1417724696,860988916,56,100,99,1315,20428000,2
355,1417724696,860988916,50,100,99,2024,20439000,2
355,1417724696,860988916,54,100,99,2024,20101000,0
355,1417724696,860988916,59,100,101,1733,20306000,1
355,1417724696,860988916,53,100,101,1765,20444000,1
356,1417724696,861988903,51,100,101,1733,19765000,0
356,1417724696,862988890,58,100,99,2009,20190000,0
356,1417724696,862988890,55,100,101,1733,20182000,0
356,1417724696,880988658,57,100,101,1765,20228000,0
356,1417724696,880988658,52,100,99,1306,20154000,0
357,1417724696,880988658,56,100,99,1306,19983000,0
357,1417724696,880988658,50,100,99,2024,20358000,0
357,1417724696,880988658,54,100,99,2024,20296000,1
357,1417724696,880988658,59,100,101,1733,20211000,0
357,1417724696,880988658,53,100,101,1765,20142000,0
358,1417724696,882988632,51,100,101,1733,20237000,1
358,1417724696,882988632,58,100,97,1985,20158000,0
358,1417724696,882988632,55,100,101,1740,20241000,0
358,1417724696,900988401,57,100,101,1765,20180000,0
358,1417724696,900988401,52,100,99,1306,20296000,2
359,1417724696,900988401,56,100,99,1306,20194000,0
359,1417724696,901988388,54,100,99,2024,20353000,1
359,1417724696,901988388,50,100,99,2024,19950000,0
359,1417724696,901988388,59,100,101,1733,20245000,0
359,1417724696,901988388,53,100,101,1765,20212000,0
360,1417724696,902988375,51,100,101,1740,20165000,0
360,1417724696,902988375,58,100,98,1985,20131000,0
360,1417724696,902988375,55,100,101,1740,20262000,0
360,1417724696,921988130,52,100,99,1306,20421000,3
360,1417724696,921988130,56,100,99,1306,19795000,0
361,1417724696,921988130,57,100,101,1765,20255000,0
361,1417724696,921988130,50,100,99,2024,20290000,2
361,1417724696,921988130,54,100,98,2009,19956000,0
361,1417724696,921988130,59,100,101,1740,19408000,0
361,1417724696,921988130,53,100,101,1765,20256000,0
362,1417724696,921988130,51,100,101,1740,20267000,1
362,1417724696,921988130,58,100,99,1985,20221000,0
362,1417724696,923988104,55,100,101,1740,20447000,1
362,1417724696,941987873,56,100,97,1285,20269000,4
362,1417724696,941987873,57,100,101,1765,20538000,1
363,1417724696,941987873,52,100,97,1285,20488000,0
363,1417724696,941987873,50,100,98,2009,20143000,0
363,1417724696,941987873,54,100,99,2009,19941000,0
363,1417724696,941987873,59,100,101,1740,19484000,0
363,1417724696,941987873,53,100,101,1765,20220000,0
364,1417724696,941987873,51,100,101,1740,20222000,0
364,1417724696,942987860,58,100,97,1962,20241000,0
364,1417724696,943987847,56,100,98,1285,20305000,1
364,1417724696,961987615,57,100,101,1765,20485000,2
364,1417724696,961987615,52,100,98,1285,20491000,1
365,1417724696,961987615,55,100,100,1739,20384000,0
365,1417724696,961987615,54,100,99,2009,20266000,2
365,1417724696,961987615,50,100,99,2009,20098000,0
365,1417724696,962987602,59,100,101,1740,19550000,0
365,1417724696,962987602,53,100,101,1765,20125000,0
366,1417724696,962987602,51,100,100,1739,20150000,0
366,1417724696,962987602,58,100,98,1962,20199000,0
366,1417724696,963987589,57,100,101,1765,20466000,1
366,1417724696,981987358,56,100,99,1285,20103000,0
366,1417724696,981987358,52,100,99,1285,20502000,1
367,1417724696,982987345,55,100,100,1739,20035000,0
367,1417724696,982987345,54,100,99,2009,20495000,4
367,1417724696,982987345,50,100,99,2009,19752000,0
367,1417724696,982987345,59,100,100,1739,19587000,0
367,1417724696,982987345,53,100,101,1765,20212000,0
368,1417724696,982987345,51,100,100,1739,20235000,0
368,1417724696,982987345,58,100,99,1962,20226000,0
368,1417724696,983987332,56,100,99,1285,20328000,2
368,1417724697,2999962,57,100,101,1765,20134000,0
368,1417724697,2999962,55,100,100,1739,20410000,5
369,1417724697,2999962,52,100,99,1285,19943000,0
369,1417724697,2999962,54,100,97,1985,20513000,1
369,1417724697,2999962,50,100,99,2009,20526000,7
369,1417724697,2999962,59,100,100,1739,20320000,1
369,1417724697,2999962,53,100,101,1765,20239000,0
370,1417724697,2999962,51,100,100,1739,20215000,0
370,1417724697,2999962,58,100,97,1935,20233000,0
370,1417724697,4999936,57,100,101,1765,20218000,0
370,1417724697,22999704,55,100,101,1755,20084000,0
370,1417724697,22999704,56,100,99,1289,20244000,0
371,1417724697,22999704,52,100,99,1289,20035000,0
371,1417724697,22999704,50,100,97,1985,20164000,0
371,1417724697,22999704,54,100,98,1985,20112000,0
371,1417724697,23999692,59,100,100,1739,20292000,0
371,1417724697,23999692,53,100,101,1765,20274000,0
372,1417724697,23999692,51,100,101,1755,20256001,0
372,1417724697,23999692,58,100,98,1935,20237001,0
372,1417724697,24999679,55,100,101,1755,20090000,0
372,1417724697,42999447,57,100,101,1765,19996001,0
372,1417724697,42999447,52,100,99,1289,20138000,0
373,1417724697,42999447,54,100,99,1985,20176001,0
373,1417724697,42999447,50,100,98,1985,20183000,0
373,1417724697,43999434,56,100,99,1289,20452000,0
373,1417724697,43999434,59,100,101,1755,20304001,0
373,1417724697,43999434,51,100,101,1755,20302000,0
374,1417724697,43999434,53,100,101,1765,20290001,0
374,1417724697,43999434,58,100,99,1935,20298001,0
374,1417724697,44999421,55,100,101,1755,19949000,0
374,1417724697,62999189,57,100,101,1765,20117001,0
374,1417724697,62999189,52,100,99,1289,19872000,0
375,1417724697,62999189,54,100,97,1962,20041000,0
375,1417724697,64999164,50,100,99,1985,20035000,0
375,1417724697,64999164,56,100,99,1289,20202000,0
375,1417724697,64999164,59,100,101,1755,20320001,0
375,1417724697,64999164,53,100,101,1765,20238000,0
376,1417724697,64999164,51,100,101,1755,20277001,0
376,1417724697,64999164,58,100,99,1935,2737001,0
376,1417724697,64999164,55,100,101,1755,20804001,2
376,1417724697,83998919,57,100,101,1765,20891001,2
376,1417724697,83998919,52,100,99,1288,20774001,1
377,1417724697,84998906,54,100,98,1962,20991001,2
377,1417724697,84998906,50,100,97,1962,20855001,1
377,1417724697,84998906,56,100,99,1288,20982001,2
377,1417724697,84998906,59,100,101,1755,21385001,1
377,1417724697,84998906,51,100,101,1755,20220001,0
378,1417724697,84998906,53,100,101,1765,20235001,0
378,1417724697,84998906,58,100,98,1919,20279001,1
378,1417724697,86998880,52,100,99,1288,20813001,3
378,1417724697,104998649,55,100,101,1761,20852001,3
378,1417724697,104998649,57,100,101,1765,20853001,3
379,1417724697,104998649,54,100,99,1962,20863001,3
379,1417724697,104998649,50,100,98,1962,20893001,3
379,1417724697,104998649,56,100,99,1288,21056001,9
379,1417724697,104998649,59,100,101,1755,22039001,2
379,1417724697,104998649,53,100,101,1765,20255001,0
380,1417724697,104998649,51,100,101,1761,20292000,1
380,1417724697,105998636,58,100,99,1919,20181001,0
380,1417724697,105998636,52,100,99,1288,20336001,1
380,1417724697,124998391,57,100,101,1765,20622001,5
380,1417724697,124998391,55,100,101,1761,20411001,2
381,1417724697,124998391,54,100,97,1935,20156001,0
381,1417724697,124998391,50,100,99,1962,20491001,1
381,1417724697,124998391,56,100,99,1288,20170001,0
381,1417724697,124998391,59,100,101,1761,20316001,0
381,1417724697,125998378,53,100,101,1765,20236001,0
382,1417724697,125998378,51,100,101,1761,20275001,1
382,1417724697,126998365,58,100,99,1919,20220001,0
382,1417724697,126998365,55,100,101,1761,20386001,3
382,1417724697,144998134,54,100,98,1935,20532001,7
382,1417724697,144998134,50,100,97,1935,20574001,4
383,1417724697,144998134,56,100,99,1282,20112001,0
383,1417724697,144998134,52,100,99,1282,20265001,0
383,1417724697,144998134,57,100,101,1765,20465001,0
383,1417724697,144998134,59,100,101,1761,20158001,0
383,1417724697,144998134,51,100,101,1761,20227001,0
384,1417724697,146998108,53,100,101,1765,20170001,0
384,1417724697,146998108,58,100,99,1914,20137001,0
384,1417724697,146998108,54,100,99,1935,20206001,0
384,1417724697,164997876,55,100,101,1773,20057001,0
384,1417724697,165997863,52,100,99,1282,20628001,7
385,1417724697,165997863,50,100,98,1935,20196001,0
385,1417724697,165997863,57,100,101,1765,20179001,0
385,1417724697,165997863,56,100,99,1282,20475001,1
385,1417724697,165997863,59,100,101,1761,20242001,0
385,1417724697,165997863,53,100,101,1765,20203001,0
386,1417724697,165997863,51,100,101,1773,20245001,0
386,1417724697,165997863,58,100,99,1914,20328001,0
386,1417724697,166997850,55,100,101,1773,20410001,2
386,1417724697,184997619,54,100,99,1935,20351001,1
386,1417724697,185997606,52,100,99,1282,20109001,0
387,1417724697,185997606,57,100,101,1765,20322001,5
387,1417724697,185997606,56,100,99,1282,20542001,6
387,1417724697,185997606,50,100,99,1935,20513001,5
387,1417724697,185997606,59,100,101,1773,20156001,0
387,1417724697,185997606,51,100,101,1773,20233001,0
388,1417724697,185997606,53,100,101,1765,20194001,0
388,1417724697,185997606,58,100,99,1914,2114001,0
388,1417724697,187997580,54,100,98,1919,20424001,5
388,1417724697,205997348,55,100,101,1773,20147001,0
388,1417724697,205997348,52,100,99,1282,20162001,0
389,1417724697,205997348,56,100,99,1282,20123001,0
389,1417724697,205997348,57,100,101,1765,20496001,7
389,1417724697,205997348,50,100,99,1935,19266001,0
389,1417724697,205997348,59,100,101,1773,19833001,0
389,1417724697,205997348,51,100,101,1773,19679001,0
390,1417724697,205997348,53,100,101,1765,20197001,0
390,1417724697,205997348,58,100,99,1907,20271001,1
390,1417724697,207997323,55,100,101,1788,20161001,0
390,1417724697,225997091,54,100,99,1919,20241001,0
390,1417724697,225997091,52,100,99,1289,20126001,0
