Simulation time,DDS time seconds,DDS time nanoseconds,Turbine Id,Setpoint,Current production,Max production,MS since last write,Cache count
0,1417724891,86998880,61,66,67,652,18414001,0
0,1417724891,129998327,64,66,65,1480,20267001,0
0,1417724891,129998327,53,66,67,652,20150001,0
1,1417724891,129998327,51,66,65,986,20062001,0
1,1417724891,129998327,59,66,65,976,20194001,0
1,1417724891,129998327,54,66,70,1736,20147001,0
1,1417724891,130998314,58,66,67,1603,20318001,0
1,1417724891,130998314,63,66,65,956,20633001,3
2,1417724891,130998314,57,66,67,652,20478001,2
2,1417724891,135998250,56,66,65,1456,20421001,2
2,1417724891,135998250,52,66,65,1429,20325001,0
2,1417724891,135998250,62,66,67,1603,20277001,0
2,1417724891,137998224,55,66,65,952,20094001,0
3,1417724891,137998224,50,66,67,1603,20403001,3
3,1417724891,137998224,60,66,65,1480,20738001,4
3,1417724891,138998211,61,66,67,652,20372001,1
3,1417724891,143998147,64,66,63,1456,20304001,0
3,1417724891,144998134,53,66,67,652,20081001,0
4,1417724891,147998095,59,66,64,956,20251001,0
4,1417724891,147998095,51,66,65,986,20060001,0
4,1417724891,147998095,58,66,69,1635,20193001,0
4,1417724891,147998095,63,66,65,956,20389001,2
4,1417724891,147998095,54,66,69,1736,20306001,0
5,1417724891,147998095,52,66,63,1408,20201001,0
5,1417724891,156997979,56,66,64,1442,20428001,1
5,1417724891,156997979,57,66,67,652,20108001,0
5,1417724891,156997979,50,66,69,1635,20246001,0
5,1417724891,157997966,55,66,65,952,20251001,0
6,1417724891,157997966,60,66,63,1456,20161001,0
6,1417724891,158997953,62,66,67,1603,20333001,0
6,1417724891,158997953,61,66,67,652,20313001,0
6,1417724891,163997889,64,66,64,1456,20184001,0
6,1417724891,165997863,53,66,74,736,19718001,0
7,1417724891,166997850,51,66,65,986,20374001,2
7,1417724891,167997838,59,66,65,956,20167001,0
7,1417724891,167997838,58,66,68,1635,19997001,0
7,1417724891,167997838,63,66,65,952,19944001,0
7,1417724891,167997838,54,66,68,1736,20504001,1
8,1417724891,167997838,56,66,65,1442,20207001,0
8,1417724891,175997735,52,66,64,1408,20163001,0
8,1417724891,175997735,57,66,67,652,20140001,0
8,1417724891,175997735,50,66,68,1635,20238001,0
8,1417724891,178997696,55,66,65,952,20245001,0
9,1417724891,178997696,62,66,69,1635,20196001,0
9,1417724891,178997696,60,66,64,1456,20288001,0
9,1417724891,178997696,61,66,67,652,20297001,0
9,1417724891,183997632,64,66,65,1456,20280001,0
9,1417724891,185997606,51,66,65,976,20132001,0
10,1417724891,187997580,53,66,73,736,20186001,0
10,1417724891,187997580,59,66,65,956,20177001,0
10,1417724891,187997580,58,66,67,1635,20119001,0
10,1417724891,187997580,54,66,67,1736,20219001,0
10,1417724891,187997580,63,66,65,952,20742001,2
11,1417724891,187997580,57,66,67,652,20133001,0
11,1417724891,195997477,56,66,65,1442,20252001,0
11,1417724891,195997477,52,66,65,1408,20211001,0
11,1417724891,196997464,50,66,67,1635,20129001,0
11,1417724891,198997438,55,66,65,952,20256001,0
12,1417724891,198997438,60,66,65,1456,20191001,0
12,1417724891,198997438,62,66,68,1635,20413001,3
12,1417724891,198997438,61,66,74,736,20366001,0
12,1417724891,203997374,64,66,64,1442,20281001,0
12,1417724891,205997348,51,66,65,976,20136001,0
13,1417724891,207997323,53,66,72,736,20218001,0
13,1417724891,207997323,59,66,65,952,20257001,0
13,1417724891,207997323,54,66,67,1754,20294001,1
13,1417724891,207997323,58,66,67,1635,20168001,0
13,1417724891,207997323,63,66,65,952,20233001,0
14,1417724891,208997310,57,66,74,736,20138001,0
14,1417724891,216997207,56,66,65,1442,20143001,0
14,1417724891,216997207,52,66,65,1403,20214001,0
14,1417724891,216997207,55,66,65,949,20164001,0
14,1417724891,218997181,50,66,67,1635,20194001,0
15,1417724891,218997181,60,66,64,1442,20459001,1
15,1417724891,219997168,62,66,67,1635,20458001,0
15,1417724891,219997168,61,66,73,736,20212001,0
15,1417724891,224997104,64,66,65,1442,18882001,0
15,1417724891,226997078,53,66,71,736,20157001,0
16,1417724891,226997078,59,66,65,952,20046001,0
16,1417724891,226997078,51,66,65,976,20004001,0
16,1417724891,226997078,54,66,67,1754,20500001,1
16,1417724891,228997052,58,66,68,1655,20520001,1
16,1417724891,228997052,63,66,65,952,20158001,0
17,1417724891,228997052,57,66,73,736,20359001,0
17,1417724891,236996949,52,66,65,1403,20438001,0
17,1417724891,236996949,56,66,64,1429,20315001,0
17,1417724891,236996949,55,66,65,949,20578001,0
17,1417724891,239996911,50,66,68,1655,20452001,0
18,1417724891,239996911,60,66,65,1442,20720001,1
18,1417724891,239996911,62,66,67,1635,20735001,3
18,1417724891,239996911,61,66,72,736,20244001,0
18,1417724891,244996846,64,66,65,1442,20446001,1
18,1417724891,246996820,53,66,70,736,20195001,0
19,1417724891,246996820,59,66,65,952,20107001,0
19,1417724891,246996820,51,66,64,956,20262001,0
19,1417724891,246996820,54,66,67,1754,20215001,0
19,1417724891,248996795,58,66,67,1655,19735001,0
19,1417724891,248996795,63,66,65,949,20084001,0
20,1417724891,248996795,57,66,72,736,20217001,0
20,1417724891,256996692,56,66,65,1429,20110001,0
20,1417724891,256996692,52,66,65,1403,20217001,0
20,1417724891,256996692,55,66,65,949,20221001,0
20,1417724891,259996653,50,66,67,1655,19672001,0
21,1417724891,259996653,60,66,65,1442,19869001,0
21,1417724891,259996653,62,66,68,1655,20040001,0
21,1417724891,259996653,61,66,71,736,20225001,0
21,1417724891,264996589,64,66,65,1442,20289001,0
21,1417724891,266996563,53,66,69,736,20384001,1
22,1417724891,266996563,59,66,65,952,20367001,1
22,1417724891,266996563,51,66,65,956,20086001,0
22,1417724891,266996563,58,66,67,1655,19820001,0
22,1417724891,268996537,54,66,69,1787,20087001,0
22,1417724891,268996537,63,66,65,949,20372001,1
23,1417724891,268996537,57,66,71,736,20215001,0
23,1417724891,277996421,52,66,65,1403,20239001,0
23,1417724891,277996421,56,66,65,1429,20143001,0
23,1417724891,277996421,55,66,65,949,19952001,0
23,1417724891,279996396,50,66,67,1655,20111001,0
24,1417724891,279996396,60,66,65,1442,19949001,0
24,1417724891,280996383,62,66,67,1655,20163001,0
24,1417724891,280996383,61,66,70,736,20285001,0
24,1417724891,284996331,64,66,64,1429,18725001,0
24,1417724891,286996306,59,66,65,949,19975001,0
25,1417724891,286996306,53,66,68,736,20227001,0
25,1417724891,287996293,51,66,65,956,20100001,0
25,1417724891,287996293,58,66,69,1691,20102001,0
25,1417724891,287996293,54,66,68,1787,20203001,0
25,1417724891,287996293,63,66,65,949,20073001,0
26,1417724891,288996280,57,66,70,736,20157001,0
26,1417724891,297996164,56,66,63,1408,20164001,0
26,1417724891,297996164,52,66,65,1408,20225001,0
26,1417724891,297996164,60,66,64,1429,20212001,0
26,1417724891,300996125,50,66,69,1691,20329001,1
27,1417724891,300996125,55,66,65,949,20187001,0
27,1417724891,300996125,62,66,67,1655,20198001,0
27,1417724891,300996125,61,66,69,736,20261001,0
27,1417724891,305996061,64,66,65,1429,20339001,1
27,1417724891,307996035,59,66,65,949,20353001,1
28,1417724891,307996035,51,66,65,952,20279001,4
28,1417724891,307996035,53,66,67,736,20319001,0
28,1417724891,307996035,58,66,68,1691,20215001,0
28,1417724891,308996022,63,66,65,949,20286001,4
28,1417724891,308996022,54,66,67,1787,20481001,5
29,1417724891,309996009,56,66,64,1408,20217001,0
29,1417724891,317995906,52,66,65,1408,20222001,0
29,1417724891,317995906,57,66,69,736,20198001,0
29,1417724891,317995906,55,66,65,949,20232001,0
29,1417724891,320995868,50,66,68,1691,19976001,0
30,1417724891,320995868,60,66,65,1429,19949001,0
30,1417724891,320995868,62,66,69,1691,20298001,1
30,1417724891,320995868,61,66,68,736,20285001,0
30,1417724891,325995803,64,66,65,1429,20279001,0
30,1417724891,327995778,59,66,65,949,20108001,0
31,1417724891,327995778,51,66,65,952,20158001,0
31,1417724891,327995778,53,66,67,736,20388001,0
31,1417724891,327995778,58,66,67,1691,20499001,4
31,1417724891,327995778,63,66,65,949,20595001,1
31,1417724891,329995752,54,66,70,1833,21488001,0
32,1417724891,329995752,52,66,65,1408,20355001,0
32,1417724891,338995636,56,66,65,1408,20524001,1
32,1417724891,338995636,57,66,68,736,20372001,0
32,1417724891,338995636,55,66,65,958,20203001,0
32,1417724891,340995610,50,66,67,1691,20243001,0
33,1417724891,340995610,62,66,68,1691,20333001,3
33,1417724891,341995597,60,66,65,1429,20312001,0
33,1417724891,341995597,61,66,67,736,20263001,0
33,1417724891,345995546,64,66,63,1408,20416001,0
33,1417724891,348995507,51,66,65,952,20032001,0
34,1417724891,348995507,53,66,67,736,18502001,0
34,1417724891,348995507,59,66,65,949,19827001,0
34,1417724891,348995507,58,66,70,1736,18780001,0
34,1417724891,348995507,63,66,65,949,20375001,4
34,1417724891,348995507,54,66,69,1833,17402001,0
35,1417724891,350995482,57,66,67,736,20161001,0
35,1417724891,358995379,56,66,65,1403,20067001,0
35,1417724891,358995379,52,66,64,1389,20232001,0
35,1417724891,358995379,55,66,65,958,20213001,0
35,1417724891,360995353,50,66,70,1736,20106001,0
36,1417724891,360995353,60,66,63,1408,20474001,1
36,1417724891,360995353,62,66,67,1691,20400001,0
36,1417724891,361995340,61,66,67,736,20318001,0
36,1417724891,366995276,64,66,64,1408,20406001,0
36,1417724891,368995250,51,66,65,952,20374001,1
37,1417724891,368995250,53,66,67,736,20313001,0
37,1417724891,368995250,59,66,65,949,19911001,0
37,1417724891,368995250,58,66,69,1736,20237001,0
37,1417724891,368995250,63,66,65,958,20848001,3
37,1417724891,369995237,54,66,68,1833,17547001,0
38,1417724891,370995224,57,66,67,736,20213001,0
38,1417724891,378995121,52,66,65,1389,20243001,0
38,1417724891,378995121,56,66,65,1403,20128001,0
38,1417724891,378995121,55,66,65,958,20252001,0
38,1417724891,381995082,50,66,69,1736,20174001,0
39,1417724891,381995082,60,66,64,1408,20438001,3
39,1417724891,381995082,62,66,70,1736,20191001,0
39,1417724891,381995082,61,66,67,736,20397001,0
39,1417724891,386995018,64,66,65,1408,19154001,0
39,1417724891,388994992,51,66,65,949,20118001,0
40,1417724891,388994992,59,66,65,949,20032001,0
40,1417724891,388994992,53,66,67,736,20349001,2
40,1417724891,389994979,58,66,68,1736,20420001,4
40,1417724891,389994979,63,66,65,958,20105001,0
40,1417724891,389994979,54,66,67,1833,20429001,1
41,1417724891,391994954,57,66,67,736,20130001,0
41,1417724891,398994864,56,66,65,1403,20116001,0
41,1417724891,398994864,52,66,65,1389,20159001,0
41,1417724891,398994864,55,66,65,958,20038001,0
41,1417724891,401994825,60,66,65,1408,20187001,0
42,1417724891,401994825,50,66,68,1736,20099001,0
42,1417724891,401994825,62,66,69,1736,20492001,3
42,1417724891,401994825,61,66,67,736,20383001,0
42,1417724891,406994761,64,66,65,1403,19338001,0
42,1417724891,408994735,51,66,65,949,20447001,1
43,1417724891,409994722,59,66,65,958,20261001,0
43,1417724891,409994722,58,66,67,1736,19900001,0
43,1417724891,409994722,63,66,65,958,20130001,0
43,1417724891,409994722,53,66,67,736,20187001,0
43,1417724891,411994696,54,66,69,1869,17802001,0
44,1417724891,411994696,52,66,64,1373,20248001,0
44,1417724891,419994593,56,66,65,1403,20119001,0
44,1417724891,419994593,57,66,67,736,20163001,0
44,1417724891,419994593,50,66,67,1736,20341001,3
44,1417724891,421994567,60,66,65,1403,20273001,0
45,1417724891,421994567,55,66,65,960,20148001,0
45,1417724891,421994567,62,66,68,1736,20194001,0
45,1417724891,421994567,61,66,67,736,20411001,0
45,1417724891,427994490,64,66,65,1403,20362001,1
45,1417724891,429994464,59,66,65,958,19808001,0
46,1417724891,429994464,58,66,67,1754,19853001,0
46,1417724891,429994464,51,66,65,949,20212001,0
46,1417724891,429994464,63,66,65,958,20359001,10
46,1417724891,429994464,53,66,67,736,21327001,0
46,1417724891,431994439,54,66,68,1869,20709001,1
47,1417724891,431994439,57,66,67,736,20293001,0
47,1417724891,439994336,56,66,65,1408,20282002,0
47,1417724891,439994336,52,66,65,1373,20316001,0
47,1417724891,439994336,55,66,65,960,20206001,0
47,1417724891,442994297,50,66,67,1754,20042001,0
48,1417724891,442994297,60,66,65,1403,20234001,0
48,1417724891,442994297,62,66,67,1736,20296001,0
48,1417724891,442994297,61,66,67,736,20480002,0
48,1417724891,447994233,64,66,65,1403,20165001,0
48,1417724891,449994207,58,66,67,1754,20540001,2
49,1417724891,449994207,59,66,65,958,19776001,0
49,1417724891,449994207,63,66,65,960,20176002,0
49,1417724891,449994207,51,66,65,949,19351002,0
49,1417724891,450994194,53,66,67,736,20312002,0
49,1417724891,451994181,54,66,67,1869,17943001,0
50,1417724891,452994168,57,66,67,736,20166002,0
50,1417724891,459994078,56,66,65,1408,20393002,1
50,1417724891,459994078,52,66,65,1373,20218001,0
50,1417724891,459994078,55,66,65,960,20251002,0
50,1417724891,462994040,50,66,67,1754,20042002,0
51,1417724891,462994040,60,66,65,1403,20141001,0
51,1417724891,462994040,62,66,67,1754,20225001,0
51,1417724891,462994040,61,66,67,736,20287002,0
51,1417724891,467993975,64,66,65,1403,19465002,0
51,1417724891,469993949,58,66,67,1754,19815002,0
52,1417724891,469993949,63,66,65,960,19990002,0
52,1417724891,470993937,51,66,65,949,20472002,1
52,1417724891,470993937,59,66,65,958,20240002,0
52,1417724891,470993937,53,66,67,736,20279002,0
52,1417724891,472993911,54,66,75,1977,20372001,1
53,1417724891,472993911,52,66,65,1373,20228001,0
53,1417724891,479993821,57,66,67,736,20212002,0
53,1417724891,479993821,56,66,65,1408,20437001,1
53,1417724891,480993808,55,66,65,958,20092001,0
53,1417724891,482993782,60,66,65,1403,20060001,0
54,1417724891,482993782,50,66,67,1754,20080002,0
54,1417724891,482993782,62,66,67,1754,20328001,3
54,1417724891,482993782,61,66,67,736,20300002,0
54,1417724891,488993705,64,66,65,1408,20337002,1
54,1417724891,490993679,58,66,69,1787,20210001,0
55,1417724891,490993679,63,66,65,960,20052002,0
55,1417724891,490993679,51,66,65,949,20469002,1
55,1417724891,490993679,59,66,65,960,20221001,0
55,1417724891,490993679,53,66,67,736,20288002,0
55,1417724891,492993653,54,66,74,1977,20294002,0
56,1417724891,492993653,52,66,64,1360,20236002,0
56,1417724891,500993550,57,66,67,736,20165002,0
56,1417724891,500993550,56,66,64,1389,20363002,2
56,1417724891,500993550,55,66,65,958,20187002,0
56,1417724891,502993525,50,66,69,1787,20239002,0
57,1417724891,502993525,60,66,65,1408,20281002,0
57,1417724891,502993525,62,66,67,1754,20236002,0
57,1417724891,502993525,61,66,67,736,20269002,0
57,1417724891,508993447,64,66,65,1408,19605002,0
57,1417724891,510993422,59,66,65,960,20518002,8
58,1417724891,510993422,51,66,65,958,20259002,1
58,1417724891,510993422,63,66,65,958,20425002,6
58,1417724891,510993422,58,66,68,1787,20205002,0
58,1417724891,510993422,53,66,67,736,20283002,0
58,1417724891,512993396,54,66,73,1977,20301002,0
59,1417724891,512993396,57,66,67,736,20154002,0
59,1417724891,520993293,52,66,65,1360,20241002,0
59,1417724891,520993293,56,66,65,1389,20220002,0
59,1417724891,520993293,55,66,65,958,20200002,0
59,1417724891,522993267,50,66,68,1787,20342002,2
60,1417724891,522993267,60,66,65,1408,20222002,0
60,1417724891,523993254,62,66,69,1787,20189002,0
60,1417724891,523993254,61,66,67,736,18343002,0
60,1417724891,528993190,64,66,65,1408,20311002,1
60,1417724891,530993164,59,66,65,960,20177002,0
61,1417724891,530993164,63,66,65,958,20817002,0
61,1417724891,530993164,58,66,67,1787,20955002,0
61,1417724891,530993164,51,66,65,958,21063002,2
61,1417724891,531993151,53,66,67,736,20344002,0
61,1417724891,532993138,54,66,75,2017,20299002,0
62,1417724891,533993126,52,66,65,1360,20217002,0
62,1417724891,540993035,56,66,65,1389,20252002,0
62,1417724891,540993035,57,66,67,736,20331002,0
62,1417724891,540993035,55,66,65,958,20210002,0
62,1417724891,543992997,60,66,65,1408,20160002,0
63,1417724891,543992997,50,66,67,1787,20295002,0
63,1417724891,543992997,62,66,68,1787,19869002,0
63,1417724891,543992997,61,66,67,736,20402002,1
63,1417724891,549992920,64,66,64,1389,20218002,0
63,1417724891,550992907,59,66,65,958,19521002,0
64,1417724891,551992894,63,66,65,958,19908002,0
64,1417724891,551992894,51,66,65,958,20113002,0
64,1417724891,551992894,58,66,70,1833,19861002,0
64,1417724891,551992894,53,66,67,736,20281002,0
64,1417724891,553992868,54,66,74,2017,20274002,0
65,1417724891,553992868,52,66,64,1342,20251002,0
65,1417724891,560992778,57,66,67,736,20140002,0
65,1417724891,561992765,56,66,64,1373,20200002,0
65,1417724891,561992765,55,66,65,958,20201002,0
65,1417724891,563992739,60,66,64,1389,20031002,0
66,1417724891,563992739,50,66,70,1833,20290002,0
66,1417724891,563992739,62,66,67,1787,20386002,4
66,1417724891,563992739,61,66,67,736,20258002,0
66,1417724891,569992662,64,66,65,1389,20303002,0
66,1417724891,571992636,59,66,65,958,20364002,6
67,1417724891,571992636,51,66,65,958,20104002,0
67,1417724891,571992636,63,66,65,958,20024002,0
67,1417724891,571992636,58,66,69,1833,20010002,0
67,1417724891,571992636,53,66,67,736,20266002,0
67,1417724891,573992611,54,66,73,2017,18276002,0
68,1417724891,573992611,52,66,65,1342,20242002,0
68,1417724891,581992508,57,66,67,736,20160002,0
68,1417724891,581992508,56,66,65,1373,20206002,0
68,1417724891,581992508,55,66,65,958,20255002,0
68,1417724891,583992482,50,66,69,1833,20092002,0
69,1417724891,583992482,60,66,65,1389,20387002,1
69,1417724891,583992482,62,66,70,1833,20230002,0
69,1417724891,583992482,61,66,67,736,20293002,0
69,1417724891,589992405,64,66,65,1389,19457002,0
69,1417724891,591992379,59,66,65,958,20260002,0
70,1417724891,591992379,63,66,65,958,20050002,0
70,1417724891,591992379,51,66,65,960,20185002,0
70,1417724891,591992379,58,66,68,1833,20094002,0
70,1417724891,591992379,53,66,67,736,20265002,0
70,1417724891,593992353,54,66,72,2017,18389002,0
71,1417724891,593992353,52,66,65,1342,20260002,0
71,1417724891,601992250,56,66,65,1373,20226002,0
71,1417724891,601992250,57,66,67,736,18012002,0
71,1417724891,601992250,55,66,65,958,20125002,0
71,1417724891,603992224,60,66,65,1389,20071002,0
72,1417724891,603992224,50,66,68,1833,20239002,0
72,1417724891,604992211,62,66,69,1833,20251002,0
72,1417724891,604992211,61,66,67,736,20298002,0
72,1417724891,609992147,64,66,64,1373,19417002,0
72,1417724891,611992121,59,66,65,958,20155002,0
73,1417724891,611992121,63,66,65,958,20182002,0
73,1417724891,612992108,51,66,65,960,20155002,0
73,1417724891,612992108,58,66,67,1833,20087002,0
73,1417724891,613992096,53,66,67,736,20254002,0
73,1417724891,614992083,54,66,76,2086,20479002,1
74,1417724891,614992083,52,66,64,1330,20258002,0
74,1417724891,621991993,56,66,65,1373,20161002,0
74,1417724891,621991993,57,66,67,736,20472002,1
74,1417724891,621991993,55,66,65,951,20189002,0
74,1417724891,623991967,50,66,67,1833,20107002,0
75,1417724891,624991954,60,66,64,1373,20059002,0
75,1417724891,624991954,62,66,68,1833,20280002,0
75,1417724891,624991954,61,66,67,736,20283002,0
75,1417724891,630991877,64,66,65,1373,20498002,1
75,1417724891,632991851,63,66,65,958,20031002,0
76,1417724891,632991851,51,66,65,960,20682002,0
76,1417724891,632991851,53,66,67,736,21154002,1
76,1417724891,634991825,58,66,69,1869,20892002,0
76,1417724891,634991825,59,66,65,958,21169002,0
76,1417724891,634991825,54,66,75,2086,19019002,0
77,1417724891,634991825,52,66,65,1330,20359002,0
77,1417724891,642991722,56,66,64,1360,20355002,0
77,1417724891,642991722,57,66,67,736,20449002,2
77,1417724891,642991722,60,66,65,1373,19828002,0
77,1417724891,644991696,50,66,69,1869,20031002,0
78,1417724891,644991696,55,66,65,951,20236002,0
78,1417724891,644991696,62,66,67,1833,19939002,0
78,1417724891,644991696,61,66,67,736,20238002,0
78,1417724891,650991619,64,66,65,1373,19900002,0
78,1417724891,652991593,63,66,65,951,20523002,1
79,1417724891,652991593,51,66,65,958,20466002,1
79,1417724891,652991593,53,66,67,736,21023002,1
79,1417724891,654991568,59,66,65,958,21491002,1
79,1417724891,654991568,58,66,68,1869,21610002,1
79,1417724891,654991568,54,66,74,2086,20395002,1
80,1417724891,656991542,52,66,65,1330,20251002,0
80,1417724891,662991465,56,66,65,1360,20195002,0
80,1417724891,662991465,57,66,67,736,20251002,0
80,1417724891,662991465,50,66,68,1869,20159002,0
80,1417724891,664991439,55,66,65,951,20102002,0
81,1417724891,664991439,60,66,65,1373,19714002,0
81,1417724891,664991439,62,66,69,1869,20418002,1
81,1417724891,664991439,61,66,67,736,20260002,0
81,1417724891,670991362,64,66,65,1373,19744002,0
81,1417724891,672991336,63,66,65,951,20280002,0
82,1417724891,672991336,51,66,65,958,20322002,1
82,1417724891,672991336,53,66,67,736,20181002,0
82,1417724891,674991310,59,66,65,958,20083002,0
82,1417724891,674991310,58,66,67,1869,20043002,0
82,1417724891,674991310,54,66,80,2169,19009002,0
83,1417724891,676991284,56,66,65,1360,20124002,0
83,1417724891,682991207,57,66,67,736,20248002,0
83,1417724891,682991207,52,66,65,1330,20258002,0
83,1417724891,682991207,55,66,65,953,20326002,0
83,1417724891,684991181,60,66,65,1373,20456002,3
84,1417724891,685991169,50,66,67,1869,20367002,0
84,1417724891,685991169,62,66,68,1869,20373002,0
84,1417724891,685991169,61,66,67,736,20254000,0
84,1417724891,690991104,64,66,64,1360,19728000,0
84,1417724891,692991078,63,66,65,951,20741000,1
85,1417724891,693991066,51,66,65,958,19843000,0
85,1417724891,693991066,53,66,67,736,20180000,0
85,1417724891,694991053,59,66,65,951,20118000,0
85,1417724891,695991040,58,66,75,1977,20095000,0
85,1417724891,695991040,54,66,78,2169,19181000,0
86,1417724891,696991027,56,66,64,1342,20186000,0
86,1417724891,702990950,57,66,67,736,20218000,0
86,1417724891,702990950,52,66,65,1326,20260000,0
86,1417724891,703990937,55,66,65,953,20154000,0
86,1417724891,705990911,50,66,75,1977,20379000,2
87,1417724891,705990911,60,66,64,1360,20230000,0
87,1417724891,705990911,62,66,67,1869,20045000,0
87,1417724891,705990911,61,66,67,736,18284000,0
87,1417724891,711990834,64,66,65,1360,20336000,1
87,1417724891,713990808,63,66,65,953,20131000,0
88,1417724891,713990808,51,66,65,958,19808000,0
88,1417724891,713990808,53,66,69,773,20179000,0
88,1417724891,715990782,58,66,74,1977,20140000,0
88,1417724891,715990782,59,66,65,951,20196000,0
88,1417724891,715990782,54,66,76,2169,19296000,0
89,1417724891,717990757,57,66,67,736,20269000,0
89,1417724891,723990679,52,66,65,1326,20307000,0
89,1417724891,723990679,56,66,65,1342,20141000,0
89,1417724891,723990679,50,66,74,1977,20150000,0
89,1417724891,725990654,60,66,65,1360,20355000,1
90,1417724891,725990654,55,66,65,953,20216000,0
90,1417724891,725990654,62,66,75,1977,20223000,0
90,1417724891,725990654,61,66,67,736,18296000,0
90,1417724891,731990576,64,66,65,1360,20379000,0
90,1417724891,733990551,63,66,65,953,20453000,0
91,1417724891,733990551,51,66,65,958,19874000,0
91,1417724891,733990551,59,66,65,951,20194000,0
91,1417724891,735990525,58,66,73,1977,20162000,0
91,1417724891,735990525,53,66,68,773,20217000,0
91,1417724891,735990525,54,66,80,2235,20536000,1
92,1417724891,737990499,52,66,65,1326,20362000,0
92,1417724891,743990422,57,66,67,736,20406000,0
92,1417724891,743990422,56,66,65,1342,20890000,0
92,1417724891,743990422,55,66,66,967,20367000,0
92,1417724891,745990396,50,66,73,1977,20302000,0
93,1417724891,745990396,60,66,65,1360,20473000,2
93,1417724891,745990396,62,66,74,1977,20347000,2
93,1417724891,746990383,61,66,69,773,20310000,1
93,1417724891,751990319,64,66,64,1342,19723000,0
93,1417724891,753990293,63,66,65,953,20196000,0
94,1417724891,754990280,51,66,65,958,19698000,0
94,1417724891,754990280,53,66,67,773,20009000,0
94,1417724891,754990280,59,66,65,953,19873000,0
94,1417724891,754990280,58,66,75,2017,20201000,0
94,1417724891,755990267,54,66,78,2235,19451000,0
95,1417724891,757990242,52,66,65,1331,20249000,0
95,1417724891,763990164,57,66,69,773,19711000,0
95,1417724891,763990164,56,66,64,1330,20252000,0
95,1417724891,763990164,50,66,75,2017,20100000,0
95,1417724891,766990126,55,66,66,967,20172000,0
96,1417724891,766990126,60,66,64,1342,19902000,0
96,1417724891,766990126,62,66,73,1977,20294000,1
96,1417724891,766990126,61,66,68,773,20276000,0
96,1417724891,771990061,64,66,65,1342,20039000,0
96,1417724891,774990023,63,66,66,967,20314000,0
97,1417724891,774990023,51,66,65,958,19577000,0
97,1417724891,774990023,53,66,67,773,20263000,0
97,1417724891,774990023,59,66,65,953,20166000,0
97,1417724891,774990023,58,66,74,2017,20103000,0
97,1417724891,774990023,54,66,76,2235,20345000,1
98,1417724891,778989971,57,66,68,773,19652000,0
98,1417724891,784989894,52,66,65,1331,20222000,0
98,1417724891,784989894,56,66,65,1330,20245000,0
98,1417724891,784989894,60,66,65,1342,20363000,3
98,1417724891,786989868,55,66,66,967,20230000,0
99,1417724891,786989868,50,66,74,2017,20222000,0
99,1417724891,786989868,62,66,75,2017,20252000,0
99,1417724891,786989868,61,66,67,773,18092000,0
99,1417724891,792989791,64,66,65,1342,20377000,1
99,1417724891,794989765,63,66,66,967,20231000,0
100,1417724891,794989765,51,66,65,951,19691000,0
100,1417724891,794989765,53,66,67,773,20167000,0
100,1417724891,794989765,59,66,65,953,20143000,0
100,1417724891,794989765,58,66,73,2017,20109000,0
100,1417724891,794989765,54,66,75,2235,19513000,0
101,1417724891,798989714,52,66,65,1331,20251000,0
101,1417724891,804989637,57,66,67,773,20360000,2
101,1417724891,804989637,56,66,65,1330,18554000,0
101,1417724891,804989637,60,66,65,1342,20182000,0
101,1417724891,806989611,50,66,73,2017,20231000,0
102,1417724891,806989611,55,66,66,967,20258000,0
102,1417724891,806989611,62,66,74,2017,20450000,1
102,1417724891,806989611,61,66,67,773,20335000,1
102,1417724891,812989534,64,66,64,1330,20290000,0
102,1417724891,814989508,63,66,66,967,20304000,1
103,1417724891,814989508,51,66,65,951,20269000,1
103,1417724891,815989495,53,66,67,773,20150000,0
103,1417724891,815989495,58,66,72,2017,20184000,0
103,1417724891,815989495,59,66,66,967,20231000,0
103,1417724891,815989495,54,66,79,2300,20328000,1
104,1417724891,818989456,52,66,65,1337,20239000,0
104,1417724891,824989379,57,66,67,773,19707000,0
104,1417724891,824989379,56,66,65,1330,20409000,1
104,1417724891,824989379,55,66,66,976,20164000,0
104,1417724891,826989353,50,66,72,2017,20060000,0
105,1417724891,827989340,60,66,64,1330,20217000,0
105,1417724891,827989340,62,66,73,2017,20276000,0
105,1417724891,827989340,61,66,67,773,20257000,0
105,1417724891,832989276,64,66,65,1330,20365000,0
105,1417724891,835989237,63,66,66,967,20235000,0
106,1417724891,835989237,51,66,65,951,19597000,0
106,1417724891,835989237,53,66,67,773,20226000,0
106,1417724891,835989237,58,66,76,2086,20226000,0
106,1417724891,835989237,59,66,66,967,20197000,0
106,1417724891,835989237,54,66,77,2300,20454000,0
107,1417724891,839989186,57,66,67,773,20321000,2
107,1417724891,844989122,52,66,65,1337,20287000,0
107,1417724891,844989122,56,66,65,1326,18671000,0
107,1417724891,845989109,50,66,76,2086,20222000,0
107,1417724891,847989083,55,66,66,976,20258000,0
108,1417724891,847989083,60,66,65,1330,20363000,2
108,1417724891,847989083,62,66,72,2017,14747000,0
108,1417724891,847989083,61,66,67,773,20286000,0
108,1417724891,852989019,64,66,65,1330,20269000,0
108,1417724891,855988980,63,66,66,976,20209000,0
109,1417724891,855988980,51,66,65,953,20355000,2
109,1417724891,855988980,53,66,67,773,20127000,0
109,1417724891,855988980,59,66,66,967,20058000,0
109,1417724891,855988980,58,66,75,2086,20205000,0
109,1417724891,855988980,54,66,75,2300,19646000,0
110,1417724891,859988928,57,66,67,773,19557000,0
110,1417724891,865988851,52,66,65,1337,20303000,0
110,1417724891,865988851,56,66,65,1326,18656000,0
110,1417724891,865988851,55,66,66,976,20264000,0
110,1417724891,867988825,60,66,65,1330,20261000,0
111,1417724891,867988825,50,66,75,2086,20202000,0
111,1417724891,867988825,62,66,76,2086,20363000,1
111,1417724891,867988825,61,66,67,773,20252000,0
111,1417724891,873988748,64,66,65,1330,19988000,0
111,1417724891,875988722,63,66,66,976,20209000,0
112,1417724891,875988722,51,66,65,953,20186000,0
112,1417724891,875988722,53,66,67,773,20188000,0
112,1417724891,875988722,59,66,66,967,20097000,0
112,1417724891,876988710,58,66,74,2086,20150000,0
112,1417724891,876988710,54,66,77,2345,19892000,0
113,1417724891,879988671,57,66,67,773,20345000,2
113,1417724891,885988594,52,66,65,1337,20241000,0
113,1417724891,885988594,56,66,65,1326,18679000,0
113,1417724891,885988594,55,66,65,974,20250000,0
113,1417724891,887988568,50,66,74,2086,20344000,2
114,1417724891,887988568,60,66,65,1330,20238000,0
114,1417724891,887988568,62,66,75,2086,14894000,0
114,1417724891,887988568,61,66,67,773,20287000,0
114,1417724891,893988491,64,66,65,1326,20336000,1
114,1417724891,895988465,63,66,66,976,20222000,0
115,1417724891,896988452,51,66,65,953,20172000,0
115,1417724891,896988452,53,66,67,773,20103000,0
115,1417724891,896988452,59,66,66,976,20169000,0
115,1417724891,896988452,58,66,80,2169,20169000,0
115,1417724891,896988452,54,66,75,2345,19893000,0
116,1417724891,900988401,52,66,65,1332,20233000,0
116,1417724891,905988336,57,66,67,773,19562000,0
116,1417724891,905988336,56,66,65,1331,20346000,1
116,1417724891,905988336,50,66,80,2169,20277000,0
116,1417724891,907988310,55,66,65,974,20179000,0
117,1417724891,908988298,60,66,65,1326,20451000,2
117,1417724891,908988298,62,66,74,2086,20507000,5
117,1417724891,908988298,61,66,67,773,20280000,0
117,1417724891,913988233,64,66,65,1326,20201000,0
117,1417724891,916988195,63,66,65,974,20300000,1
118,1417724891,916988195,51,66,66,967,20194000,0
118,1417724891,916988195,53,66,67,773,20097000,0
118,1417724891,916988195,59,66,66,976,20122000,0
118,1417724891,916988195,58,66,78,2169,20237000,0
118,1417724891,916988195,54,66,74,2345,19888000,0
119,1417724891,920988143,57,66,67,773,20346000,2
119,1417724891,925988079,52,66,65,1332,20235000,0
119,1417724891,925988079,56,66,65,1331,20241000,0
119,1417724891,926988066,55,66,65,974,20138000,0
119,1417724891,928988040,50,66,78,2169,20195000,0
120,1417724891,928988040,60,66,65,1326,20370000,1
120,1417724891,928988040,62,66,80,2169,20322000,1
120,1417724891,928988040,61,66,67,773,20349000,0
120,1417724891,934987963,64,66,65,1326,20607000,1
120,1417724891,936987937,63,66,65,974,20744000,2
121,1417724891,936987937,51,66,66,967,21065000,8
121,1417724891,936987937,59,66,66,976,20271000,0
121,1417724891,936987937,58,66,76,2169,20222000,0
121,1417724891,937987924,53,66,67,773,20153000,0
121,1417724891,937987924,54,66,74,2361,20736000,1
122,1417724891,941987873,57,66,67,773,20386000,0
122,1417724891,946987808,52,66,65,1332,20395000,0
122,1417724891,946987808,56,66,65,1331,20324000,0
122,1417724891,946987808,60,66,65,1326,20138000,0
122,1417724891,948987783,50,66,76,2169,20184000,0
123,1417724891,948987783,55,66,65,983,20215000,0
123,1417724891,948987783,62,66,78,2169,20423000,0
123,1417724891,948987783,61,66,67,773,17103000,0
123,1417724891,954987705,64,66,65,1331,19993000,0
123,1417724891,956987680,63,66,65,974,20104000,0
124,1417724891,957987667,51,66,66,967,20151000,0
124,1417724891,957987667,59,66,65,974,20247000,0
124,1417724891,957987667,58,66,80,2235,20255000,0
124,1417724891,957987667,53,66,67,773,20299000,0
124,1417724891,957987667,54,66,73,2361,20450000,0
125,1417724891,961987615,57,66,67,773,20184000,0
125,1417724891,966987551,52,66,64,1315,20194000,0
125,1417724891,966987551,56,66,65,1337,20444000,0
125,1417724891,966987551,50,66,80,2235,20214000,0
125,1417724891,969987512,55,66,65,983,20302000,0
126,1417724891,969987512,60,66,65,1331,20043000,0
126,1417724891,969987512,62,66,76,2169,14966000,0
126,1417724891,969987512,61,66,67,773,20339000,1
126,1417724891,975987435,64,66,65,1331,20292000,0
126,1417724891,978987396,63,66,65,983,20531000,1
127,1417724891,978987396,51,66,66,967,19869000,0
127,1417724891,978987396,53,66,67,773,20237000,0
127,1417724891,978987396,59,66,65,974,20199000,0
127,1417724891,978987396,58,66,78,2235,20244000,0
127,1417724891,978987396,54,66,72,2361,20408000,1
128,1417724891,982987345,57,66,67,773,20217000,0
128,1417724891,987987280,52,66,65,1315,20295000,0
128,1417724891,987987280,56,66,65,1337,18941000,0
128,1417724891,987987280,50,66,78,2235,20236000,0
128,1417724891,990987242,55,66,65,983,20313000,0
129,1417724891,990987242,60,66,65,1331,20436000,3
129,1417724891,990987242,62,66,80,2235,20388000,4
129,1417724891,990987242,61,66,67,773,20290000,0
129,1417724891,996987165,64,66,65,1331,20192000,0
129,1417724891,998987139,51,66,66,976,20559000,5
130,1417724891,998987139,63,66,65,983,20507000,5
130,1417724891,998987139,53,66,67,773,20224000,0
130,1417724891,998987139,59,66,65,974,20144000,0
130,1417724891,998987139,58,66,76,2235,20114000,0
130,1417724892,0,54,66,71,2361,20196000,0
131,1417724892,2999962,57,66,67,773,20212000,0
131,1417724892,8999885,52,66,65,1315,20260000,0
131,1417724892,8999885,56,66,65,1337,20460000,1
131,1417724892,8999885,55,66,65,983,20243000,0
131,1417724892,10999859,50,66,76,2235,20121000,0
132,1417724892,10999859,60,66,65,1331,20166000,0
132,1417724892,10999859,62,66,78,2235,20357000,1
132,1417724892,10999859,61,66,67,773,20303000,0
132,1417724892,16999782,64,66,65,1337,20247000,0
132,1417724892,18999756,51,66,66,976,20499000,1
133,1417724892,18999756,63,66,65,983,19990001,0
133,1417724892,18999756,59,66,65,983,20146001,0
133,1417724892,19999743,53,66,67,773,20189000,0
133,1417724892,19999743,58,66,75,2235,20152000,0
133,1417724892,19999743,54,66,67,2324,20425000,3
134,1417724892,23999692,57,66,67,773,20241000,0
134,1417724892,28999627,52,66,64,1303,20242001,0
134,1417724892,28999627,56,66,65,1337,19291001,0
134,1417724892,28999627,50,66,75,2235,20305001,0
134,1417724892,30999601,55,66,65,989,20254000,0
135,1417724892,30999601,60,66,65,1337,20268001,0
135,1417724892,30999601,62,66,76,2235,20499000,4
135,1417724892,30999601,61,66,67,773,20478000,0
135,1417724892,36999524,64,66,65,1337,20295001,0
135,1417724892,38999498,51,66,66,976,20014000,0
136,1417724892,39999486,63,66,65,983,20667001,3
136,1417724892,39999486,59,66,65,983,20159000,0
136,1417724892,39999486,58,66,79,2300,20866001,10
136,1417724892,39999486,53,66,67,773,20199001,0
136,1417724892,39999486,54,66,67,2324,20275000,0
137,1417724892,43999434,52,66,65,1303,20414001,0
137,1417724892,48999370,57,66,67,773,20425000,0
137,1417724892,48999370,56,66,65,1332,19154000,0
137,1417724892,48999370,60,66,65,1337,20159000,0
137,1417724892,50999344,55,66,65,989,20204001,0
138,1417724892,50999344,50,66,79,2300,20169001,0
138,1417724892,51999331,62,66,75,2235,20131001,0
138,1417724892,51999331,61,66,67,773,20292001,0
138,1417724892,56999267,64,66,65,1337,20294001,0
138,1417724892,59999228,51,66,65,974,19942001,0
139,1417724892,59999228,63,66,65,989,19184001,0
139,1417724892,59999228,59,66,65,983,20171001,0
139,1417724892,59999228,58,66,77,2300,20096001,0
139,1417724892,59999228,53,66,67,773,20280001,0
139,1417724892,59999228,54,66,67,2324,20245001,0
140,1417724892,63999177,52,66,65,1303,20283000,0
140,1417724892,68999112,57,66,67,773,19199001,0
140,1417724892,69999099,56,66,65,1332,20377001,1
140,1417724892,69999099,60,66,65,1337,20163001,0
140,1417724892,71999074,55,66,65,989,20163001,0
141,1417724892,71999074,50,66,77,2300,20286001,0
141,1417724892,71999074,62,66,79,2300,14613001,0
141,1417724892,71999074,61,66,67,773,20302001,0
141,1417724892,77998996,64,66,65,1337,20177001,0
141,1417724892,79998971,51,66,65,974,19866001,0
142,1417724892,79998971,63,66,65,989,20331001,8
142,1417724892,79998971,53,66,67,773,20155001,0
142,1417724892,79998971,59,66,65,983,20171001,0
142,1417724892,79998971,58,66,75,2300,20143001,0
142,1417724892,80998958,54,66,61,2256,20220001,0
143,1417724892,84998906,57,66,67,773,20349001,2
143,1417724892,87998868,52,66,65,1303,20254001,0
143,1417724892,87998868,56,66,65,1332,20266001,0
143,1417724892,89998842,55,66,65,993,20160001,0
143,1417724892,91998816,50,66,75,2300,20263001,0
144,1417724892,91998816,60,66,65,1337,20203001,0
144,1417724892,91998816,62,66,77,2300,20457001,5
144,1417724892,91998816,61,66,67,773,20292001,0
144,1417724892,97998739,64,66,65,1332,20127001,0
144,1417724892,99998713,51,66,65,974,20354001,5
145,1417724892,99998713,63,66,65,989,20487001,0
145,1417724892,100998700,59,66,65,989,20167001,0
145,1417724892,100998700,53,66,67,773,20005001,0
145,1417724892,100998700,58,66,77,2345,16553001,0
145,1417724892,100998700,54,66,62,2256,20184001,0
146,1417724892,104998649,52,66,65,1299,20228001,0
146,1417724892,109998584,57,66,67,773,20205001,0
146,1417724892,109998584,56,66,64,1315,19119001,0
146,1417724892,109998584,50,66,77,2345,20187001,0
146,1417724892,111998559,55,66,65,993,20153001,0
147,1417724892,111998559,60,66,65,1332,20170001,0
147,1417724892,111998559,62,66,75,2300,20387001,1
147,1417724892,111998559,61,66,67,773,20289001,0
147,1417724892,117998481,64,66,65,1332,20177001,0
147,1417724892,120998443,51,66,65,983,19948001,0
148,1417724892,120998443,63,66,65,993,20108001,0
148,1417724892,120998443,53,66,67,773,20093001,0
148,1417724892,120998443,59,66,65,989,20101001,0
148,1417724892,120998443,58,66,75,2345,20734001,4
148,1417724892,120998443,54,66,63,2256,20159001,0
149,1417724892,124998391,52,66,65,1299,20259001,0
149,1417724892,129998327,57,66,67,773,20136001,0
149,1417724892,130998314,56,66,65,1315,20361001,1
149,1417724892,130998314,50,66,75,2345,20071001,0
149,1417724892,132998288,55,66,65,993,20267001,0
150,1417724892,132998288,60,66,65,1332,20205001,0
150,1417724892,132998288,62,66,77,2345,20047001,0
150,1417724892,132998288,61,66,67,773,20438001,0
150,1417724892,138998211,64,66,65,1332,20323001,0
150,1417724892,140998185,51,66,65,983,19886001,0
151,1417724892,140998185,63,66,65,993,20446001,7
151,1417724892,140998185,53,66,67,773,20145001,0
151,1417724892,140998185,59,66,65,989,20486001,2
151,1417724892,140998185,58,66,74,2345,20020001,0
151,1417724892,141998172,54,66,57,2189,20395001,3
152,1417724892,145998121,52,66,65,1299,20276001,0
152,1417724892,150998056,57,66,67,773,20271001,0
152,1417724892,150998056,56,66,65,1315,20275001,0
152,1417724892,150998056,55,66,65,999,20283001,0
152,1417724892,152998031,60,66,65,1332,20331001,1
153,1417724892,152998031,50,66,74,2345,20369001,0
153,1417724892,152998031,62,66,75,2345,20090001,0
153,1417724892,152998031,61,66,67,773,17908001,0
153,1417724892,158997953,64,66,64,1315,20088001,0
153,1417724892,161997915,51,66,65,983,19490001,0
154,1417724892,161997915,63,66,65,993,20143001,0
154,1417724892,161997915,58,66,74,2361,20121001,0
154,1417724892,161997915,53,66,67,773,20356001,1
154,1417724892,161997915,59,66,65,993,20124001,0
154,1417724892,162997902,54,66,58,2189,20111001,0
155,1417724892,165997863,52,66,65,1292,20176001,0
155,1417724892,170997799,57,66,67,773,20289001,0
155,1417724892,170997799,56,66,64,1303,19554001,0
155,1417724892,170997799,55,66,65,999,20171001,0
155,1417724892,172997773,60,66,64,1315,20422001,1
156,1417724892,172997773,50,66,74,2361,20001001,0
156,1417724892,172997773,62,66,74,2345,20340001,1
156,1417724892,172997773,61,66,67,773,20346001,1
156,1417724892,178997696,51,66,65,983,19640001,0
156,1417724892,181997657,64,66,65,1315,20273001,0
157,1417724892,181997657,63,66,65,999,20335001,5
157,1417724892,181997657,58,66,73,2361,20374001,10
157,1417724892,181997657,53,66,67,773,19959001,0
157,1417724892,181997657,59,66,65,993,20498001,2
157,1417724892,181997657,54,66,59,2189,19822001,0
158,1417724892,185997606,52,66,65,1292,20330001,0
158,1417724892,190997541,57,66,67,773,20325001,0
158,1417724892,191997529,56,66,65,1303,19534001,0
158,1417724892,191997529,55,66,65,999,20334001,1
158,1417724892,192997516,60,66,65,1315,20332001,1
159,1417724892,192997516,50,66,73,2361,20315001,3
159,1417724892,192997516,62,66,74,2361,20148001,0
159,1417724892,193997503,61,66,67,773,20279001,0
159,1417724892,199997426,51,66,65,989,19719001,0
159,1417724892,201997400,64,66,65,1315,20154001,0
160,1417724892,201997400,63,66,65,999,20092001,0
160,1417724892,201997400,58,66,72,2361,19941001,0
160,1417724892,201997400,53,66,67,773,20538001,6
160,1417724892,201997400,59,66,65,993,20595001,8
160,1417724892,201997400,54,66,60,2189,20346001,3
161,1417724892,205997348,57,66,67,773,20238001,0
161,1417724892,211997271,52,66,65,1292,20299001,0
161,1417724892,211997271,56,66,65,1303,20566001,1
161,1417724892,211997271,55,66,65,999,20294001,0
161,1417724892,212997258,60,66,65,1315,20389001,1
162,1417724892,213997245,50,66,72,2361,20042001,0
162,1417724892,213997245,62,66,73,2361,20390001,2
162,1417724892,213997245,61,66,67,773,17917001,0
162,1417724892,219997168,64,66,64,1303,19813001,0
162,1417724892,221997142,51,66,65,989,20063001,0
163,1417724892,221997142,58,66,71,2361,20314001,1
163,1417724892,221997142,53,66,67,773,20262001,0
163,1417724892,221997142,59,66,65,999,20073001,0
163,1417724892,221997142,63,66,65,999,20418001,6
163,1417724892,222997129,54,66,60,2180,20291001,0
164,1417724892,226997078,57,66,67,773,20299001,0
164,1417724892,231997014,52,66,65,1291,20325001,0
164,1417724892,231997014,56,66,65,1303,19972001,0
164,1417724892,231997014,55,66,66,1011,20220001,0
164,1417724892,232997001,60,66,64,1303,20144001,0
165,1417724892,232997001,50,66,71,2361,19712001,0
165,1417724892,232997001,62,66,72,2361,19955001,0
165,1417724892,232997001,61,66,67,773,20411001,1
165,1417724892,239996911,64,66,65,1303,19625001,0
165,1417724892,241996885,58,66,67,2324,20159001,0
166,1417724892,241996885,53,66,72,840,20566001,10
166,1417724892,241996885,51,66,65,989,20355001,3
166,1417724892,241996885,59,66,65,999,20423001,11
166,1417724892,241996885,63,66,65,999,21585001,0
166,1417724892,242996872,54,66,61,2180,20258001,0
167,1417724892,246996820,57,66,67,773,20903001,0
167,1417724892,252996743,52,66,65,1291,20848001,0
167,1417724892,252996743,56,66,65,1299,20552001,1
167,1417724892,252996743,55,66,66,1011,20163001,0
167,1417724892,252996743,50,66,67,2324,20047001,0
168,1417724892,252996743,60,66,65,1303,20138001,0
168,1417724892,252996743,62,66,71,2361,20208001,0
168,1417724892,252996743,61,66,67,773,20441001,0
168,1417724892,260996640,64,66,65,1303,18767001,0
168,1417724892,261996627,53,66,71,840,20041001,0
169,1417724892,261996627,58,66,67,2324,19380001,0
169,1417724892,262996615,51,66,65,993,19676001,0
169,1417724892,262996615,59,66,65,999,20225001,0
169,1417724892,262996615,63,66,66,1011,20202001,0
169,1417724892,262996615,54,66,62,2180,20057001,0
170,1417724892,266996563,57,66,67,773,19380001,0
170,1417724892,272996486,52,66,65,1291,19990001,0
170,1417724892,272996486,56,66,65,1299,20104001,0
170,1417724892,272996486,50,66,67,2324,20393001,1
170,1417724892,272996486,55,66,66,1011,20415001,1
171,1417724892,272996486,60,66,65,1303,20570001,1
171,1417724892,272996486,62,66,67,2324,20595001,1
171,1417724892,273996473,61,66,72,840,20322001,0
171,1417724892,280996383,64,66,65,1303,19915001,0
171,1417724892,280996383,53,66,70,840,19712001,0
172,1417724892,282996357,58,66,67,2324,20192001,0
172,1417724892,282996357,59,66,65,999,20025001,0
172,1417724892,282996357,51,66,65,993,20422001,0
172,1417724892,282996357,63,66,66,1011,17046001,0
172,1417724892,282996357,54,66,65,2214,20114001,0
173,1417724892,286996306,52,66,65,1291,20272001,0
173,1417724892,292996228,57,66,72,840,19423001,0
173,1417724892,292996228,50,66,67,2324,20156001,0
173,1417724892,292996228,55,66,68,1043,20021001,0
173,1417724892,293996215,56,66,65,1299,20051001,0
174,1417724892,293996215,62,66,67,2324,20165001,0
174,1417724892,293996215,60,66,65,1303,20124001,0
174,1417724892,293996215,61,66,71,840,18558001,0
174,1417724892,300996125,64,66,65,1299,20251001,0
174,1417724892,300996125,53,66,69,840,20260001,0
175,1417724892,302996100,58,66,61,2256,20006001,0
175,1417724892,302996100,59,66,66,1011,20661001,4
175,1417724892,302996100,51,66,65,993,20869001,4
175,1417724892,302996100,63,66,66,1011,20324001,1
175,1417724892,302996100,54,66,65,2214,20228001,0
176,1417724892,307996035,52,66,66,1301,20265001,0
176,1417724892,312995971,57,66,71,840,20354001,2
176,1417724892,313995958,50,66,61,2256,20063001,0
176,1417724892,313995958,55,66,67,1043,20005001,0
176,1417724892,313995958,56,66,65,1292,20130001,0
177,1417724892,313995958,62,66,67,2324,20102001,0
177,1417724892,313995958,60,66,65,1299,20281001,0
177,1417724892,313995958,61,66,70,840,18646001,0
177,1417724892,320995868,53,66,68,840,20393001,4
177,1417724892,322995842,58,66,62,2256,20250001,0
178,1417724892,322995842,64,66,65,1299,20021001,0
178,1417724892,322995842,51,66,65,999,20035001,0
178,1417724892,323995829,59,66,66,1011,20463001,5
178,1417724892,323995829,63,66,68,1043,20224001,0
178,1417724892,323995829,54,66,65,2214,20278001,0
179,1417724892,327995778,52,66,66,1301,20311001,0
179,1417724892,333995700,57,66,70,840,19507001,0
179,1417724892,333995700,50,66,62,2256,20020001,0
179,1417724892,333995700,55,66,67,1043,20119001,0
179,1417724892,333995700,56,66,65,1292,20099001,0
180,1417724892,333995700,62,66,61,2256,20071001,0
180,1417724892,333995700,60,66,65,1299,20238001,0
180,1417724892,333995700,61,66,69,840,20477001,1
180,1417724892,341995597,58,66,63,2256,20105001,0
180,1417724892,341995597,53,66,67,840,20433001,4
181,1417724892,341995597,59,66,66,1011,20695001,1
181,1417724892,343995572,51,66,65,999,20742001,3
181,1417724892,343995572,64,66,65,1299,20507001,0
181,1417724892,343995572,63,66,67,1043,20417001,0
181,1417724892,343995572,54,66,67,2251,20580001,0
182,1417724892,348995507,57,66,69,840,20412001,2
182,1417724892,353995443,52,66,66,1301,20254001,0
182,1417724892,353995443,50,66,63,2256,20042001,0
182,1417724892,354995430,55,66,67,1054,20239001,0
182,1417724892,354995430,56,66,65,1292,20105001,0
183,1417724892,354995430,62,66,62,2256,20333001,1
183,1417724892,354995430,60,66,65,1299,20196001,0
183,1417724892,354995430,61,66,68,840,18370001,0
183,1417724892,361995340,58,66,57,2189,20225001,0
183,1417724892,361995340,53,66,67,840,19598001,0
184,1417724892,362995327,59,66,68,1043,19564001,0
184,1417724892,363995314,51,66,65,999,19558001,0
184,1417724892,363995314,64,66,65,1292,20593001,8
184,1417724892,363995314,63,66,67,1043,20128001,0
184,1417724892,363995314,54,66,67,2251,20218001,0
185,1417724892,368995250,52,66,65,1295,20304001,0
185,1417724892,374995173,57,66,68,840,20233001,0
185,1417724892,374995173,55,66,67,1054,20203001,0
185,1417724892,374995173,50,66,57,2189,19991001,0
185,1417724892,374995173,56,66,65,1291,20151001,0
186,1417724892,374995173,60,66,65,1292,20225001,0
186,1417724892,374995173,62,66,63,2256,20185001,0
186,1417724892,374995173,61,66,67,840,18655001,0
186,1417724892,381995082,58,66,58,2189,19927001,0
186,1417724892,382995070,53,66,67,840,20134001,0
187,1417724892,382995070,59,66,67,1043,19802001,0
187,1417724892,382995070,51,66,65,999,19930001,0
187,1417724892,382995070,64,66,65,1292,20076001,0
187,1417724892,383995057,63,66,67,1054,16696001,0
187,1417724892,383995057,54,66,67,2251,20246001,0
188,1417724892,388994992,52,66,65,1295,20218001,0
188,1417724892,394994915,57,66,67,840,19014001,0
188,1417724892,394994915,55,66,67,1054,20001001,0
188,1417724892,394994915,50,66,58,2189,20210001,0
188,1417724892,394994915,60,66,65,1292,20120001,0
189,1417724892,394994915,56,66,65,1291,20061001,0
189,1417724892,394994915,62,66,57,2189,20188001,0
189,1417724892,394994915,61,66,67,840,20342001,1
189,1417724892,402994812,53,66,67,840,20204001,0
189,1417724892,402994812,58,66,59,2189,19683001,0
190,1417724892,402994812,59,66,67,1043,19893001,0
190,1417724892,402994812,51,66,66,1011,20225001,0
190,1417724892,402994812,64,66,65,1292,20118001,0
190,1417724892,403994799,63,66,67,1054,20324001,1
190,1417724892,404994786,54,66,67,2251,20243001,0
191,1417724892,408994735,52,66,65,1295,20175001,0
191,1417724892,414994658,57,66,67,840,19228001,0
191,1417724892,414994658,55,66,67,1054,19955001,0
191,1417724892,414994658,50,66,59,2189,19982001,0
191,1417724892,414994658,56,66,65,1291,20398001,5
192,1417724892,414994658,62,66,58,2189,20235001,0
192,1417724892,414994658,60,66,65,1292,20304001,5
192,1417724892,415994645,61,66,67,840,18306001,0
192,1417724892,422994555,58,66,60,2189,19940001,0
192,1417724892,422994555,53,66,67,840,19903001,0
193,1417724892,422994555,51,66,66,1011,20084001,0
193,1417724892,422994555,59,66,67,1054,19925001,0
193,1417724892,424994529,64,66,65,1291,20377001,5
193,1417724892,424994529,63,66,67,1054,20296001,0
193,1417724892,424994529,54,66,67,2267,20171001,0
194,1417724892,428994477,52,66,65,1287,20186002,0
194,1417724892,434994400,55,66,67,1064,20186002,0
194,1417724892,434994400,50,66,60,2189,20109001,0
194,1417724892,434994400,56,66,65,1291,20108002,0
194,1417724892,434994400,62,66,59,2189,20132002,0
195,1417724892,435994387,60,66,65,1291,20208002,0
195,1417724892,435994387,57,66,67,840,13851001,0
195,1417724892,435994387,61,66,67,840,20610002,1
195,1417724892,443994284,58,66,60,2180,20020001,0
195,1417724892,443994284,51,66,66,1011,19843001,0
196,1417724892,443994284,64,66,65,1291,20485002,0
196,1417724892,444994271,59,66,67,1054,19473001,0
196,1417724892,444994271,53,66,67,840,20193001,0
196,1417724892,445994258,63,66,67,1054,20193001,0
196,1417724892,445994258,54,66,67,2267,20392002,0
197,1417724892,449994207,52,66,65,1287,20292001,0
197,1417724892,454994143,55,66,67,1064,20884002,1
197,1417724892,455994130,50,66,60,2180,21097002,1
197,1417724892,455994130,56,66,66,1301,21195001,1
197,1417724892,455994130,62,66,60,2189,21267001,1
198,1417724892,455994130,60,66,65,1291,21375001,1
198,1417724892,455994130,57,66,67,840,21922002,1
198,1417724892,455994130,61,66,67,840,20263001,0
198,1417724892,463994027,58,66,61,2180,19995001,0
198,1417724892,463994027,51,66,68,1043,20220001,0
199,1417724892,463994027,64,66,65,1291,20526001,1
199,1417724892,463994027,59,66,67,1054,20931002,6
199,1417724892,465994001,53,66,67,840,21048001,0
199,1417724892,465994001,63,66,67,1064,20177002,0
199,1417724892,465994001,54,66,67,2267,20266002,0
200,1417724892,469993949,52,66,65,1287,20299002,0
200,1417724892,475993872,50,66,61,2180,19872002,0
200,1417724892,475993872,55,66,67,1064,20050002,0
200,1417724892,475993872,56,66,66,1301,20077002,0
200,1417724892,475993872,62,66,60,2180,20303001,2
201,1417724892,475993872,60,66,65,1291,20150002,0
201,1417724892,475993872,57,66,67,840,20234002,0
201,1417724892,475993872,61,66,67,840,20246002,0
201,1417724892,483993769,58,66,62,2180,20263002,0
201,1417724892,483993769,51,66,67,1043,19973001,0
202,1417724892,483993769,64,66,65,1291,20215002,0
202,1417724892,483993769,59,66,67,1054,19964002,0
202,1417724892,484993756,53,66,67,840,20210002,0
202,1417724892,485993743,63,66,67,1064,20253002,0
202,1417724892,485993743,54,66,65,2245,20450002,1
203,1417724892,489993692,52,66,65,1287,20295002,0
203,1417724892,495993615,55,66,67,1076,20260002,0
203,1417724892,495993615,50,66,62,2180,20247001,0
203,1417724892,495993615,56,66,66,1301,20320002,1
203,1417724892,495993615,60,66,65,1291,20151002,0
204,1417724892,495993615,62,66,61,2180,20165002,0
204,1417724892,496993602,57,66,67,840,13405002,0
204,1417724892,496993602,61,66,67,840,20273002,0
204,1417724892,503993512,58,66,65,2214,20188001,0
204,1417724892,503993512,51,66,67,1043,20426002,1
205,1417724892,504993499,64,66,66,1301,20585002,7
205,1417724892,504993499,59,66,67,1064,19962002,0
205,1417724892,504993499,53,66,67,840,20215002,0
205,1417724892,505993486,63,66,67,1064,20282002,0
205,1417724892,505993486,54,66,65,2245,20240002,0
206,1417724892,510993422,52,66,65,1278,19530002,0
206,1417724892,515993357,55,66,67,1076,20047002,0
206,1417724892,515993357,50,66,65,2214,20109002,0
206,1417724892,515993357,56,66,65,1295,20311002,2
206,1417724892,516993344,62,66,62,2180,20167002,0
207,1417724892,516993344,60,66,66,1301,19958002,0
207,1417724892,516993344,57,66,67,840,20272002,1
207,1417724892,516993344,61,66,67,840,18898002,0
207,1417724892,524993241,58,66,65,2214,20309002,1
207,1417724892,524993241,51,66,67,1054,20119002,0
208,1417724892,524993241,59,66,67,1064,20466002,2
208,1417724892,524993241,53,66,73,913,20903002,11
208,1417724892,524993241,64,66,66,1301,20203002,0
208,1417724892,526993216,63,66,67,1076,20206002,0
208,1417724892,526993216,54,66,65,2245,20086002,0
209,1417724892,530993164,52,66,65,1278,20406002,1
209,1417724892,536993087,50,66,65,2214,20108002,0
209,1417724892,536993087,55,66,67,1076,20209002,0
209,1417724892,536993087,56,66,65,1295,20032002,0
209,1417724892,536993087,62,66,65,2214,20445002,2
210,1417724892,536993087,60,66,66,1301,20245002,0
210,1417724892,536993087,57,66,67,840,20502002,4
210,1417724892,536993087,61,66,67,840,20513002,1
210,1417724892,544992984,58,66,65,2214,19281002,0
210,1417724892,544992984,51,66,67,1054,19407002,0
211,1417724892,544992984,59,66,67,1064,20259002,1
211,1417724892,544992984,53,66,72,913,20026002,0
211,1417724892,545992971,63,66,67,1076,21160002,1
211,1417724892,546992958,64,66,66,1301,20925002,0
211,1417724892,546992958,54,66,64,2234,20362002,0
212,1417724892,550992907,52,66,65,1278,20339002,0
212,1417724892,556992829,50,66,65,2214,19757002,0
212,1417724892,556992829,55,66,67,1089,19986002,0
212,1417724892,556992829,56,66,65,1295,19710002,0
212,1417724892,556992829,62,66,65,2214,20167002,0
213,1417724892,556992829,60,66,66,1301,20082002,0
213,1417724892,556992829,57,66,67,840,20327002,0
213,1417724892,557992817,61,66,73,913,20257002,0
213,1417724892,564992726,58,66,67,2251,19477002,0
213,1417724892,564992726,51,66,67,1054,20264002,0
214,1417724892,565992714,59,66,67,1076,20439002,8
214,1417724892,565992714,53,66,71,913,20040002,0
214,1417724892,565992714,63,66,67,1076,20179002,0
214,1417724892,567992688,64,66,65,1295,20293002,0
214,1417724892,567992688,54,66,65,2234,20460002,1
215,1417724892,571992636,52,66,65,1272,20353002,0
215,1417724892,576992572,50,66,67,2251,19770002,0
215,1417724892,576992572,55,66,67,1089,20236002,0
215,1417724892,576992572,56,66,65,1287,20016002,0
215,1417724892,577992559,62,66,65,2214,20194002,0
216,1417724892,577992559,60,66,65,1295,19381002,0
216,1417724892,577992559,57,66,73,913,13273002,0
216,1417724892,577992559,61,66,72,913,18992002,0
216,1417724892,585992456,58,66,67,2251,19797002,0
216,1417724892,585992456,59,66,67,1076,19973002,0
217,1417724892,585992456,51,66,67,1054,20569002,2
217,1417724892,585992456,53,66,70,913,20171002,0
217,1417724892,585992456,63,66,67,1089,20330002,0
217,1417724892,587992430,64,66,65,1295,20385002,0
217,1417724892,587992430,54,66,65,2234,20382002,0
218,1417724892,591992379,52,66,65,1272,20364002,0
218,1417724892,597992302,50,66,67,2251,20129002,0
218,1417724892,597992302,55,66,67,1089,20168002,0
218,1417724892,597992302,56,66,65,1287,20028002,0
218,1417724892,597992302,62,66,67,2251,20313002,4
219,1417724892,597992302,60,66,65,1295,20164002,0
219,1417724892,597992302,57,66,72,913,13254002,0
219,1417724892,597992302,61,66,71,913,20432002,1
219,1417724892,605992199,58,66,67,2251,20092002,0
219,1417724892,605992199,59,66,67,1076,20030002,0
220,1417724892,605992199,51,66,67,1064,19996002,0
220,1417724892,605992199,53,66,69,913,20099002,0
220,1417724892,605992199,63,66,67,1089,20330002,1
220,1417724892,607992173,64,66,65,1295,20275002,0
220,1417724892,607992173,54,66,65,2234,20189002,0
221,1417724892,611992121,52,66,65,1272,20316002,0
221,1417724892,617992044,50,66,67,2251,20393002,1
221,1417724892,617992044,55,66,67,1089,20396002,1
221,1417724892,617992044,62,66,67,2251,20488002,1
221,1417724892,617992044,60,66,65,1295,20211002,0
222,1417724892,617992044,57,66,71,913,13118002,0
222,1417724892,617992044,56,66,65,1287,20039002,0
222,1417724892,619992018,61,66,70,913,20290002,0
222,1417724892,625991941,58,66,67,2251,20005002,0
222,1417724892,625991941,59,66,67,1089,20136002,0
223,1417724892,626991928,51,66,67,1064,20345002,6
223,1417724892,626991928,53,66,68,913,20422002,3
223,1417724892,626991928,64,66,65,1287,20235002,0
223,1417724892,628991902,63,66,67,1089,20242002,0
223,1417724892,628991902,54,66,64,2223,20142002,0
224,1417724892,632991851,55,66,67,1103,19732002,0
224,1417724892,637991787,50,66,67,2251,20109002,0
224,1417724892,637991787,52,66,65,1265,20073002,0
224,1417724892,637991787,60,66,65,1287,20562002,5
224,1417724892,637991787,62,66,67,2251,20211002,0
225,1417724892,638991774,57,66,70,913,21122002,2
225,1417724892,638991774,56,66,65,1287,22128002,0
225,1417724892,639991761,61,66,69,913,20393002,0
225,1417724892,646991671,59,66,67,1089,19653002,0
225,1417724892,646991671,58,66,67,2267,19928002,0
226,1417724892,646991671,51,66,67,1064,20312002,2
226,1417724892,646991671,53,66,75,1005,20613002,8
226,1417724892,646991671,63,66,67,1089,20368002,0
226,1417724892,648991645,64,66,65,1287,20377002,0
226,1417724892,648991645,54,66,65,2223,20201002,0
227,1417724892,652991593,50,66,67,2267,19997002,0
227,1417724892,657991529,55,66,67,1103,20063002,0
227,1417724892,658991516,52,66,65,1265,17913002,0
227,1417724892,658991516,60,66,65,1287,19903002,0
227,1417724892,658991516,62,66,67,2251,18233002,0
228,1417724892,658991516,57,66,69,913,20253002,0
228,1417724892,658991516,56,66,65,1278,14007002,0
228,1417724892,659991503,61,66,68,913,20323002,0
228,1417724892,666991413,58,66,67,2267,19133002,0
228,1417724892,666991413,59,66,67,1089,19620002,0
229,1417724892,666991413,51,66,67,1076,20208002,0
229,1417724892,666991413,53,66,74,1005,19659002,0
229,1417724892,666991413,63,66,67,1103,20438002,1
229,1417724892,668991387,64,66,65,1287,20287002,0
229,1417724892,668991387,54,66,65,2223,20304002,0
230,1417724892,672991336,55,66,67,1103,20289002,0
230,1417724892,678991259,50,66,67,2267,20238002,0
230,1417724892,678991259,52,66,65,1265,19885002,0
230,1417724892,678991259,60,66,65,1287,20196002,0
230,1417724892,678991259,62,66,67,2267,20245002,0
231,1417724892,678991259,57,66,68,913,19568002,0
231,1417724892,678991259,56,66,65,1278,13940002,0
231,1417724892,680991233,61,66,75,1005,20190002,0
231,1417724892,686991156,59,66,67,1089,19521000,0
231,1417724892,686991156,51,66,67,1076,20081000,0
232,1417724892,686991156,58,66,67,2267,19691000,0
232,1417724892,686991156,53,66,73,1005,20325000,9
232,1417724892,687991143,63,66,67,1103,20297000,0
232,1417724892,688991130,64,66,65,1287,20226000,0
232,1417724892,689991117,54,66,66,2237,20284000,0
233,1417724892,692991078,55,66,68,1129,19759000,0
233,1417724892,698991001,50,66,67,2267,20195000,0
233,1417724892,698991001,52,66,65,1265,19887000,0
233,1417724892,698991001,62,66,67,2267,20206000,0
233,1417724892,698991001,60,66,65,1287,20092000,0
234,1417724892,698991001,57,66,75,1005,19508000,0
234,1417724892,698991001,56,66,65,1278,20344000,1
234,1417724892,700990975,61,66,74,1005,20297000,0
234,1417724892,706990898,58,66,65,2245,20337000,2
234,1417724892,707990885,59,66,67,1103,20241000,0
235,1417724892,707990885,51,66,67,1076,20018000,0
235,1417724892,707990885,53,66,72,1005,20073000,0
235,1417724892,707990885,64,66,65,1278,20286000,0
235,1417724892,709990860,63,66,67,1103,20193000,0
235,1417724892,709990860,54,66,66,2237,20287000,0
236,1417724892,713990808,55,66,67,1129,20008000,0
236,1417724892,718990744,52,66,65,1268,20305000,0
236,1417724892,718990744,62,66,67,2267,20177000,0
236,1417724892,718990744,60,66,65,1278,20474000,6
236,1417724892,718990744,50,66,65,2245,20328000,0
237,1417724892,719990731,57,66,74,1005,20364000,1
237,1417724892,719990731,56,66,65,1272,13814000,0
237,1417724892,720990718,61,66,73,1005,20269000,0
237,1417724892,727990628,58,66,65,2245,20226000,0
237,1417724892,727990628,51,66,67,1089,19803000,0
238,1417724892,727990628,59,66,67,1103,20222000,0
238,1417724892,727990628,53,66,71,1005,20012000,0
238,1417724892,727990628,64,66,65,1278,21750000,1
238,1417724892,729990602,63,66,68,1129,21514000,1
238,1417724892,729990602,54,66,66,2237,20296000,0
239,1417724892,733990551,52,66,65,1268,20284000,0
239,1417724892,738990486,62,66,65,2245,20264000,0
239,1417724892,739990473,50,66,65,2245,20656000,4
239,1417724892,739990473,55,66,67,1129,20320000,0
239,1417724892,739990473,60,66,65,1278,20293000,0
240,1417724892,739990473,57,66,73,1005,21495000,10
240,1417724892,739990473,56,66,65,1272,14000000,0
240,1417724892,741990448,61,66,72,1005,19675000,0
240,1417724892,747990370,58,66,65,2245,20931000,1
240,1417724892,748990357,51,66,67,1089,20372000,2
241,1417724892,748990357,53,66,70,1005,21020000,4
241,1417724892,748990357,59,66,67,1103,20148000,0
241,1417724892,748990357,64,66,65,1278,20375000,0
241,1417724892,749990345,63,66,67,1129,20358000,0
241,1417724892,749990345,54,66,69,2285,20356000,0
242,1417724892,753990293,52,66,65,1268,19931000,0
242,1417724892,759990216,62,66,65,2245,20358000,1
242,1417724892,759990216,55,66,67,1147,19338000,0
242,1417724892,759990216,60,66,65,1278,20084000,0
242,1417724892,759990216,50,66,65,2245,20439000,0
243,1417724892,759990216,57,66,72,1005,19972000,0
243,1417724892,759990216,56,66,65,1272,20449000,1
243,1417724892,761990190,61,66,71,1005,20498000,1
243,1417724892,768990100,58,66,64,2234,19645000,0
243,1417724892,768990100,51,66,67,1089,20599000,1
244,1417724892,768990100,53,66,69,1005,19985000,0
244,1417724892,768990100,59,66,68,1129,20205000,0
244,1417724892,768990100,64,66,65,1272,20210000,0
244,1417724892,770990074,63,66,67,1129,20163000,0
244,1417724892,770990074,54,66,68,2285,20288000,0
245,1417724892,774990023,62,66,65,2245,20359000,1
245,1417724892,779989958,55,66,67,1147,19970000,0
245,1417724892,779989958,52,66,65,1264,20383000,1
245,1417724892,779989958,50,66,64,2234,20156000,0
245,1417724892,779989958,60,66,65,1272,20015000,0
246,1417724892,779989958,57,66,71,1005,19336000,0
246,1417724892,780989946,56,66,65,1265,20288000,0
246,1417724892,781989933,58,66,65,2234,20312000,1
246,1417724892,788989843,61,66,70,1005,20263000,0
246,1417724892,788989843,51,66,67,1089,20159000,0
247,1417724892,788989843,53,66,73,1057,20092000,0
247,1417724892,788989843,59,66,67,1129,20206000,0
247,1417724892,788989843,64,66,65,1272,20130000,0
247,1417724892,790989817,63,66,67,1147,16474000,0
247,1417724892,790989817,54,66,67,2285,19719000,0
248,1417724892,794989765,62,66,64,2234,20289000,0
248,1417724892,799989701,55,66,67,1147,20316000,2
248,1417724892,799989701,52,66,65,1264,20416000,0
248,1417724892,800989688,60,66,65,1272,20590000,1
248,1417724892,800989688,50,66,65,2234,20647000,1
249,1417724892,800989688,57,66,70,1005,20342000,1
249,1417724892,800989688,56,66,65,1265,20251000,0
249,1417724892,801989675,58,66,65,2234,20077000,0
249,1417724892,808989585,53,66,72,1057,20152000,0
249,1417724892,808989585,61,66,69,1005,20290000,0
250,1417724892,808989585,51,66,67,1103,20015000,0
250,1417724892,808989585,59,66,67,1129,19926000,0
250,1417724892,809989572,64,66,65,1272,20273000,0
250,1417724892,810989559,63,66,67,1147,20357000,3
250,1417724892,810989559,54,66,67,2285,19866000,0
251,1417724892,814989508,55,66,67,1147,20177000,0
251,1417724892,820989431,62,66,65,2234,20298000,0
251,1417724892,820989431,52,66,65,1264,19933000,0
251,1417724892,820989431,50,66,65,2234,20132000,0
251,1417724892,820989431,60,66,65,1272,20666000,1
252,1417724892,820989431,57,66,69,1005,19301000,0
252,1417724892,820989431,56,66,65,1265,20240000,0
252,1417724892,822989405,53,66,71,1057,20037000,0
252,1417724892,828989328,61,66,73,1057,20234000,0
252,1417724892,829989315,51,66,67,1103,19924000,0
253,1417724892,829989315,58,66,65,2234,20115000,0
253,1417724892,829989315,59,66,67,1147,20350000,7
253,1417724892,829989315,63,66,67,1147,20155000,0
253,1417724892,830989302,64,66,65,1265,20204000,0
253,1417724892,831989289,54,66,67,2302,20336000,1
254,1417724892,834989250,55,66,67,1161,20100000,0
254,1417724892,840989173,52,66,64,1253,20044000,0
254,1417724892,840989173,62,66,65,2234,19985000,0
254,1417724892,840989173,60,66,65,1265,20640000,1
254,1417724892,840989173,50,66,65,2234,20507000,5
255,1417724892,840989173,57,66,73,1057,21286000,11
255,1417724892,840989173,56,66,65,1265,13168000,0
255,1417724892,842989147,53,66,70,1057,20363000,0
255,1417724892,849989057,58,66,64,2223,20318000,0
255,1417724892,849989057,61,66,72,1057,20075000,0
256,1417724892,849989057,51,66,67,1103,20431000,0
256,1417724892,849989057,59,66,67,1147,20392000,0
256,1417724892,849989057,63,66,67,1147,20211000,0
256,1417724892,851989031,64,66,65,1265,20310000,0
256,1417724892,851989031,54,66,67,2302,19740000,0
257,1417724892,855988980,52,66,65,1253,19850000,0
257,1417724892,860988916,55,66,67,1161,20189000,0
257,1417724892,860988916,62,66,65,2234,19548000,0
257,1417724892,860988916,50,66,64,2223,19983000,0
257,1417724892,861988903,60,66,65,1265,20119000,0
258,1417724892,861988903,57,66,72,1057,19149000,0
258,1417724892,861988903,56,66,65,1268,20442000,1
258,1417724892,862988890,58,66,65,2223,20056000,0
258,1417724892,869988800,53,66,69,1057,20127000,0
258,1417724892,869988800,51,66,68,1129,20194000,0
259,1417724892,869988800,61,66,71,1057,20133000,0
259,1417724892,870988787,59,66,67,1147,20145000,0
259,1417724892,870988787,63,66,67,1161,20197000,0
259,1417724892,871988774,64,66,65,1265,20218000,0
259,1417724892,871988774,54,66,67,2302,20352000,1
260,1417724892,875988722,52,66,65,1253,20236000,0
260,1417724892,880988658,55,66,67,1161,20077000,0
260,1417724892,881988645,50,66,65,2223,19701000,0
260,1417724892,881988645,62,66,64,2223,19888000,0
260,1417724892,881988645,60,66,65,1265,20032000,0
261,1417724892,881988645,57,66,71,1057,19327000,0
261,1417724892,881988645,56,66,65,1268,20401000,0
261,1417724892,883988619,61,66,70,1057,20058000,0
261,1417724892,889988542,51,66,67,1129,20033000,0
261,1417724892,889988542,58,66,65,2223,20025000,0
262,1417724892,890988529,53,66,68,1057,20206000,0
262,1417724892,890988529,59,66,67,1147,20175000,0
262,1417724892,890988529,63,66,67,1161,20256000,0
262,1417724892,891988516,64,66,65,1265,20251000,0
262,1417724892,891988516,54,66,67,2309,20263000,0
263,1417724892,895988465,52,66,65,1253,20268000,0
263,1417724892,901988388,55,66,67,1178,19859000,0
263,1417724892,901988388,62,66,65,2223,20412000,2
263,1417724892,901988388,60,66,65,1265,20316000,0
263,1417724892,901988388,50,66,65,2223,20707000,5
264,1417724892,901988388,57,66,70,1057,20353000,1
264,1417724892,901988388,56,66,65,1268,13339000,0
264,1417724892,903988362,58,66,66,2237,20081000,0
264,1417724892,910988272,53,66,67,1057,20085000,0
264,1417724892,910988272,61,66,69,1057,20037000,0
265,1417724892,910988272,51,66,67,1129,20031000,0
265,1417724892,910988272,59,66,67,1161,20123000,0
265,1417724892,910988272,64,66,65,1268,20267000,0
265,1417724892,911988259,63,66,67,1161,20188000,0
265,1417724892,912988246,54,66,67,2309,20244000,0
266,1417724892,915988207,52,66,64,1240,20239000,0
266,1417724892,921988130,55,66,67,1178,20142000,0
266,1417724892,921988130,60,66,65,1268,20347000,1
266,1417724892,921988130,50,66,66,2237,20108000,0
266,1417724892,922988117,57,66,69,1057,19175000,0
267,1417724892,922988117,62,66,65,2223,20209000,0
267,1417724892,922988117,56,66,65,1264,20358000,1
267,1417724892,923988104,53,66,70,1106,20094000,0
267,1417724892,930988014,58,66,66,2237,19992000,0
267,1417724892,930988014,51,66,67,1147,20055000,0
268,1417724892,930988014,61,66,68,1057,20216000,0
268,1417724892,930988014,59,66,67,1161,20292000,0
268,1417724892,930988014,64,66,65,1268,20233000,0
268,1417724892,932987989,63,66,67,1178,20238000,0
268,1417724892,932987989,54,66,67,2309,20281000,0
269,1417724892,936987937,52,66,65,1240,20320000,0
269,1417724892,942987860,55,66,67,1178,20548000,6
269,1417724892,942987860,60,66,65,1268,20418000,2
269,1417724892,942987860,50,66,66,2237,20781000,1
269,1417724892,942987860,57,66,68,1057,21402000,11
270,1417724892,942987860,62,66,66,2237,21886000,3
270,1417724892,942987860,56,66,65,1264,13416000,0
270,1417724892,944987834,58,66,66,2237,20315000,0
270,1417724892,950987757,53,66,69,1106,20457000,0
270,1417724892,950987757,61,66,67,1057,20214000,0
271,1417724892,951987744,51,66,67,1147,20203000,0
271,1417724892,951987744,59,66,67,1161,20459000,0
271,1417724892,951987744,64,66,65,1268,20236000,0
271,1417724892,951987744,63,66,67,1178,20229000,0
271,1417724892,951987744,54,66,64,2269,20218000,0
272,1417724892,956987680,52,66,65,1240,20324000,0
272,1417724892,962987602,55,66,67,1187,20344000,0
272,1417724892,962987602,60,66,65,1268,21014000,5
272,1417724892,962987602,50,66,66,2237,19928000,0
272,1417724892,962987602,57,66,67,1057,19505000,0
273,1417724892,962987602,62,66,66,2237,20052000,0
273,1417724892,962987602,56,66,65,1264,13152000,0
273,1417724892,964987577,53,66,68,1106,19994000,0
273,1417724892,971987486,58,66,69,2285,19949000,0
273,1417724892,971987486,51,66,67,1147,19774000,0
274,1417724892,971987486,61,66,70,1106,20070000,0
274,1417724892,971987486,59,66,67,1178,20017000,0
274,1417724892,971987486,64,66,65,1264,20296000,0
274,1417724892,971987486,63,66,67,1178,20273000,0
274,1417724892,971987486,54,66,65,2269,20294000,0
275,1417724892,976987422,52,66,65,1240,19966000,0
275,1417724892,982987345,55,66,67,1187,20010000,0
275,1417724892,982987345,60,66,65,1264,19870000,0
275,1417724892,982987345,50,66,69,2285,20262000,1
275,1417724892,982987345,57,66,70,1106,19512000,0
276,1417724892,982987345,62,66,66,2237,20207000,0
276,1417724892,983987332,56,66,64,1253,13181000,0
276,1417724892,984987319,58,66,68,2285,20147000,0
276,1417724892,991987229,53,66,67,1106,19781000,0
276,1417724892,991987229,61,66,69,1106,19901000,0
277,1417724892,991987229,51,66,67,1147,19839000,0
277,1417724892,991987229,59,66,67,1178,20111000,0
277,1417724892,991987229,64,66,65,1264,20271000,0
277,1417724892,993987203,63,66,67,1187,20261000,0
277,1417724892,993987203,54,66,65,2269,20280000,0
278,1417724892,997987152,52,66,65,1240,20280000,1
278,1417724893,2999962,55,66,67,1187,20274000,1
278,1417724893,2999962,60,66,65,1264,20084000,0
278,1417724893,2999962,50,66,68,2285,20115000,0
278,1417724893,3999949,57,66,69,1106,20239000,1
279,1417724893,3999949,62,66,69,2285,20286000,0
279,1417724893,3999949,56,66,65,1253,20387000,1
279,1417724893,4999936,53,66,67,1106,19886000,0
279,1417724893,11999846,58,66,67,2285,19996001,0
279,1417724893,11999846,51,66,67,1161,20220000,0
280,1417724893,11999846,61,66,68,1106,19770000,0
280,1417724893,11999846,59,66,67,1178,19838000,0
280,1417724893,11999846,64,66,65,1264,20249000,0
280,1417724893,14999807,63,66,67,1187,20317000,1
280,1417724893,14999807,54,66,65,2269,20292000,0
281,1417724893,18999756,52,66,65,1240,20472000,5
281,1417724893,23999692,55,66,67,1187,20187001,0
281,1417724893,24999679,60,66,65,1264,20639000,6
281,1417724893,24999679,50,66,67,2285,20526000,3
281,1417724893,24999679,57,66,68,1106,19394001,0
282,1417724893,24999679,62,66,68,2285,20222000,0
282,1417724893,24999679,56,66,65,1253,13392000,0
282,1417724893,26999653,51,66,67,1161,19964001,0
282,1417724893,32999576,61,66,67,1106,20166000,0
282,1417724893,33999563,53,66,67,1106,20042000,0
283,1417724893,33999563,58,66,67,2285,20102000,0
283,1417724893,33999563,59,66,67,1187,20171000,0
283,1417724893,33999563,64,66,64,1253,20152001,0
283,1417724893,34999550,63,66,67,1187,20125001,0
283,1417724893,34999550,54,66,63,2242,20260001,0
284,1417724893,38999498,52,66,65,1243,20258000,0
284,1417724893,44999421,55,66,67,1205,20323001,6
284,1417724893,44999421,60,66,64,1253,20696000,1
284,1417724893,44999421,50,66,67,2285,20693000,6
284,1417724893,44999421,57,66,67,1106,21001001,10
285,1417724893,44999421,62,66,67,2285,21702000,2
285,1417724893,44999421,56,66,65,1253,22548000,3
285,1417724893,46999395,51,66,67,1161,20146001,0
285,1417724893,53999305,61,66,67,1106,20201000,0
285,1417724893,53999305,53,66,67,1106,20205000,0
286,1417724893,53999305,58,66,67,2302,20156001,0
286,1417724893,53999305,59,66,67,1187,20308001,0
286,1417724893,53999305,63,66,67,1187,20283000,0
286,1417724893,53999305,64,66,65,1253,20269001,0
286,1417724893,53999305,54,66,64,2242,20285000,0
287,1417724893,58999241,55,66,67,1205,20106001,0
287,1417724893,64999164,52,66,65,1243,20218000,0
287,1417724893,64999164,60,66,65,1253,20344001,2
287,1417724893,64999164,50,66,67,2302,19946001,0
287,1417724893,64999164,57,66,67,1106,19486000,0
288,1417724893,64999164,62,66,67,2285,19593000,0
288,1417724893,64999164,56,66,64,1240,20243001,0
288,1417724893,66999138,61,66,67,1106,20106001,0
288,1417724893,73999048,53,66,67,1106,20016001,0
288,1417724893,73999048,51,66,67,1178,20051000,0
289,1417724893,73999048,58,66,67,2302,20240000,0
289,1417724893,73999048,59,66,67,1187,20113001,0
289,1417724893,73999048,63,66,67,1205,20127001,0
289,1417724893,74999035,64,66,65,1253,20223001,0
289,1417724893,74999035,54,66,65,2242,20265001,0
290,1417724893,79998971,52,66,65,1243,20154001,0
290,1417724893,84998906,55,66,67,1205,20054000,0
290,1417724893,84998906,60,66,65,1253,20607001,2
290,1417724893,84998906,50,66,67,2302,19822000,0
290,1417724893,84998906,57,66,67,1106,19504001,0
291,1417724893,85998893,62,66,67,2302,20338001,1
291,1417724893,85998893,56,66,65,1240,20238000,0
291,1417724893,86998880,61,66,67,1106,20122001,0
291,1417724893,93998790,51,66,67,1178,19978001,0
291,1417724893,93998790,58,66,67,2302,20165001,0
292,1417724893,93998790,53,66,67,1106,20101001,0
292,1417724893,94998777,59,66,67,1187,20369001,0
292,1417724893,94998777,64,66,65,1253,20241001,0
292,1417724893,95998765,63,66,67,1205,20271001,0
292,1417724893,95998765,54,66,65,2233,20262001,0
293,1417724893,99998713,55,66,68,1225,20294001,2
293,1417724893,104998649,52,66,65,1243,20194001,0
293,1417724893,104998649,60,66,65,1253,20218001,0
293,1417724893,104998649,50,66,67,2302,19957001,0
293,1417724893,105998636,57,66,67,1106,19315001,0
294,1417724893,105998636,62,66,67,2302,20278001,0
294,1417724893,105998636,56,66,65,1240,19852001,0
294,1417724893,107998610,58,66,67,2309,20112001,0
294,1417724893,113998533,51,66,67,1178,20048001,0
294,1417724893,114998520,61,66,67,1106,20060001,0
295,1417724893,114998520,53,66,67,1106,20111001,0
295,1417724893,114998520,59,66,67,1205,20266001,0
295,1417724893,114998520,63,66,67,1205,20269001,0
295,1417724893,115998507,64,66,64,1240,20191001,0
295,1417724893,115998507,54,66,65,2233,20294001,0
296,1417724893,119998456,55,66,67,1225,19987001,0
296,1417724893,125998378,52,66,65,1242,20100001,0
296,1417724893,125998378,50,66,67,2309,19876001,0
296,1417724893,125998378,60,66,64,1240,20551001,2
296,1417724893,125998378,57,66,67,1106,20344001,1
297,1417724893,125998378,62,66,67,2302,19610001,0
297,1417724893,125998378,56,66,65,1240,19889001,0
297,1417724893,127998353,61,66,67,1106,20186001,0
297,1417724893,134998262,51,66,67,1187,20229001,0
297,1417724893,134998262,58,66,67,2309,19940001,0
298,1417724893,134998262,53,66,67,1106,20035001,0
298,1417724893,134998262,59,66,67,1205,20149001,0
298,1417724893,134998262,64,66,65,1240,21319001,1
298,1417724893,134998262,63,66,68,1225,21513001,1
298,1417724893,134998262,54,66,65,2233,20287001,0
299,1417724893,139998198,55,66,67,1225,20097001,0
299,1417724893,145998121,50,66,67,2309,20448001,2
299,1417724893,145998121,60,66,65,1240,19929001,0
299,1417724893,145998121,52,66,65,1242,20422001,0
299,1417724893,145998121,57,66,67,1106,20237001,0
300,1417724893,145998121,62,66,67,2309,20356001,1
300,1417724893,145998121,56,66,65,1240,19934001,0
300,1417724893,147998095,58,66,67,2309,20139001,0
300,1417724893,154998005,53,66,67,1106,20321001,0
300,1417724893,154998005,51,66,67,1187,20209001,0
301,1417724893,154998005,61,66,67,1106,20330001,0
301,1417724893,154998005,59,66,67,1205,19565001,0
301,1417724893,154998005,64,66,65,1240,20166001,0
301,1417724893,154998005,63,66,67,1225,20231001,0
301,1417724893,155997992,54,66,66,2246,20361001,0
302,1417724893,160997928,55,66,67,1236,19991001,0
302,1417724893,165997863,50,66,67,2309,20633001,5
302,1417724893,165997863,60,66,65,1240,20808001,7
302,1417724893,165997863,52,66,65,1242,20554001,5
302,1417724893,165997863,57,66,67,1106,19207001,0
303,1417724893,165997863,62,66,67,2309,20242001,0
303,1417724893,166997850,56,66,65,1240,20303001,1
303,1417724893,167997838,58,66,64,2269,19991001,0
303,1417724893,174997747,53,66,67,1106,20230001,0
303,1417724893,174997747,61,66,67,1106,19951001,0
304,1417724893,174997747,51,66,67,1187,19962001,0
304,1417724893,175997735,59,66,68,1225,20355001,5
304,1417724893,175997735,64,66,65,1240,20126001,0
304,1417724893,175997735,63,66,67,1225,20202001,0
304,1417724893,175997735,54,66,66,2246,20256001,0
305,1417724893,180997670,55,66,67,1236,20223001,0
305,1417724893,185997606,50,66,64,2269,19978001,0
305,1417724893,185997606,60,66,65,1240,20090001,0
305,1417724893,186997593,52,66,65,1243,19876001,0
305,1417724893,186997593,57,66,67,1106,20284001,1
306,1417724893,186997593,62,66,67,2309,20278001,0
306,1417724893,186997593,56,66,65,1243,20239001,0
306,1417724893,188997567,53,66,75,1211,20227001,0
306,1417724893,194997490,58,66,65,2269,20134001,0
306,1417724893,195997477,61,66,67,1106,20141001,0
307,1417724893,195997477,51,66,67,1187,20103001,0
307,1417724893,195997477,59,66,67,1225,19857001,0
307,1417724893,195997477,64,66,65,1240,20229001,0
307,1417724893,195997477,63,66,67,1236,20226001,0
307,1417724893,195997477,54,66,66,2246,20288001,0
308,1417724893,200997413,55,66,67,1236,20460001,2
308,1417724893,206997335,50,66,65,2269,20014001,0
308,1417724893,206997335,52,66,65,1243,20517001,3
308,1417724893,206997335,60,66,65,1240,20449001,4
308,1417724893,206997335,57,66,67,1106,20232001,0
309,1417724893,206997335,62,66,64,2269,20262001,0
309,1417724893,206997335,56,66,65,1243,19917001,0
309,1417724893,208997310,51,66,67,1205,20103001,0
309,1417724893,215997220,61,66,67,1106,20235001,0
309,1417724893,215997220,58,66,65,2269,20209001,0
310,1417724893,215997220,53,66,74,1211,20157001,0
310,1417724893,215997220,59,66,67,1225,20156001,0
310,1417724893,215997220,63,66,67,1236,20273001,0
310,1417724893,215997220,64,66,65,1240,20401001,0
310,1417724893,215997220,54,66,66,2246,20254001,0
311,1417724893,221997142,50,66,65,2269,20132001,0
311,1417724893,226997078,52,66,65,1243,20186001,0
311,1417724893,226997078,60,66,65,1240,20080001,0
311,1417724893,226997078,57,66,67,1106,19054001,0
311,1417724893,226997078,55,66,67,1236,20005001,0
312,1417724893,226997078,62,66,65,2269,20258001,0
312,1417724893,226997078,56,66,65,1243,20332001,1
312,1417724893,228997052,53,66,73,1211,20229001,0
312,1417724893,235996962,51,66,67,1205,20005001,0
312,1417724893,235996962,58,66,65,2269,20150001,0
313,1417724893,235996962,61,66,75,1211,20171001,0
313,1417724893,235996962,59,66,67,1236,20258001,0
313,1417724893,235996962,63,66,67,1236,20240001,0
313,1417724893,235996962,64,66,65,1243,20222001,0
313,1417724893,236996949,54,66,69,2288,20337001,0
314,1417724893,241996885,50,66,65,2269,20548001,3
314,1417724893,246996820,52,66,65,1233,20229001,0
314,1417724893,246996820,57,66,75,1211,20788001,8
314,1417724893,246996820,60,66,65,1243,21035001,4
314,1417724893,246996820,55,66,68,1265,21143001,0
315,1417724893,246996820,62,66,65,2269,20293001,0
315,1417724893,247996808,56,66,65,1243,20207001,0
315,1417724893,248996795,51,66,67,1205,20247001,0
315,1417724893,255996705,53,66,72,1211,20311001,0
315,1417724893,255996705,58,66,63,2242,20295001,0
316,1417724893,256996692,59,66,67,1236,20557001,1
316,1417724893,256996692,61,66,74,1211,20448001,0
316,1417724893,256996692,63,66,67,1236,20357001,5
316,1417724893,256996692,64,66,65,1243,20322001,1
316,1417724893,256996692,54,66,68,2288,20251001,0
317,1417724893,261996627,50,66,63,2242,19549001,0
317,1417724893,266996563,52,66,65,1233,20216001,0
317,1417724893,266996563,57,66,74,1211,20127001,0
317,1417724893,266996563,60,66,65,1243,19666001,0
317,1417724893,267996550,55,66,67,1265,20246001,0
318,1417724893,267996550,62,66,65,2269,20173001,0
318,1417724893,267996550,56,66,65,1242,20190001,0
318,1417724893,269996524,58,66,64,2242,19801001,0
318,1417724893,276996434,53,66,71,1211,20083001,0
318,1417724893,276996434,51,66,68,1225,19915001,0
319,1417724893,276996434,59,66,67,1236,19949001,0
319,1417724893,276996434,61,66,73,1211,20040001,0
319,1417724893,276996434,63,66,68,1265,20178001,0
319,1417724893,276996434,64,66,65,1243,20475001,5
319,1417724893,276996434,54,66,67,2288,20296001,0
320,1417724893,281996370,52,66,65,1233,20179001,0
320,1417724893,287996293,50,66,64,2242,20053001,0
320,1417724893,287996293,57,66,73,1211,20119001,0
320,1417724893,287996293,60,66,65,1243,20308001,1
320,1417724893,287996293,55,66,67,1265,20264001,0
321,1417724893,287996293,62,66,63,2242,20231001,0
321,1417724893,287996293,56,66,65,1242,20235001,0
321,1417724893,289996267,59,66,67,1236,20022001,0
321,1417724893,296996177,58,66,65,2242,20045001,0
321,1417724893,296996177,51,66,67,1225,19974001,0
322,1417724893,296996177,53,66,70,1211,20260001,0
322,1417724893,296996177,61,66,72,1211,18982001,0
322,1417724893,296996177,63,66,67,1265,20206001,0
322,1417724893,296996177,64,66,65,1243,20170001,0
322,1417724893,296996177,54,66,70,2335,20298001,0
323,1417724893,302996100,52,66,65,1233,20344001,4
323,1417724893,307996035,50,66,65,2242,20432001,1
323,1417724893,307996035,60,66,65,1243,19815001,0
323,1417724893,307996035,57,66,72,1211,20296001,0
323,1417724893,307996035,55,66,68,1291,20272001,0
324,1417724893,307996035,62,66,64,2242,20256001,0
324,1417724893,308996022,56,66,65,1242,19912001,0
324,1417724893,309996009,58,66,65,2233,20120001,0
324,1417724893,316995919,59,66,68,1265,20022001,0
324,1417724893,316995919,53,66,69,1211,20195001,0
325,1417724893,316995919,51,66,67,1225,20219001,0
325,1417724893,316995919,61,66,71,1211,20322001,1
325,1417724893,317995906,63,66,67,1265,20259001,0
325,1417724893,317995906,64,66,65,1242,20033001,0
325,1417724893,317995906,54,66,69,2335,20298001,0
326,1417724893,322995842,50,66,65,2233,20113001,0
326,1417724893,327995778,52,66,65,1225,20138001,0
326,1417724893,327995778,57,66,71,1211,20152001,0
326,1417724893,327995778,60,66,65,1242,19805001,0
326,1417724893,327995778,55,66,67,1291,20276001,0
327,1417724893,327995778,62,66,65,2242,20287001,0
327,1417724893,329995752,56,66,65,1243,19673001,0
327,1417724893,329995752,58,66,65,2233,20228001,0
327,1417724893,336995662,51,66,67,1236,20076001,0
327,1417724893,337995649,59,66,67,1265,20186001,0
328,1417724893,337995649,53,66,75,1299,20156001,0
328,1417724893,337995649,61,66,70,1211,20245001,0
328,1417724893,337995649,63,66,68,1291,20208001,0
328,1417724893,337995649,64,66,65,1242,20203001,0
328,1417724893,337995649,54,66,68,2335,20240001,0
329,1417724893,343995572,52,66,65,1225,20416001,2
329,1417724893,348995507,50,66,65,2233,20229001,0
329,1417724893,348995507,57,66,70,1211,20156001,0
329,1417724893,348995507,60,66,65,1242,19756001,0
329,1417724893,348995507,55,66,67,1291,20292001,0
330,1417724893,348995507,62,66,65,2233,20273001,0
330,1417724893,349995494,56,66,65,1243,19790001,0
330,1417724893,349995494,58,66,65,2233,20141001,0
330,1417724893,357995391,59,66,67,1265,20134001,0
330,1417724893,357995391,51,66,67,1236,20153001,0
331,1417724893,357995391,53,66,74,1299,20195001,0
331,1417724893,357995391,61,66,69,1211,20489001,4
331,1417724893,357995391,64,66,65,1242,20360001,1
331,1417724893,357995391,63,66,67,1291,20086001,0
331,1417724893,358995379,54,66,67,2339,20293001,0
332,1417724893,363995314,50,66,65,2233,20204001,0
332,1417724893,368995250,52,66,65,1225,20253001,1
332,1417724893,368995250,57,66,69,1211,20169001,0
332,1417724893,368995250,60,66,65,1242,19668001,0
332,1417724893,368995250,55,66,67,1297,20274001,0
333,1417724893,368995250,62,66,65,2233,20235001,0
333,1417724893,369995237,56,66,65,1243,19648001,0
333,1417724893,370995224,51,66,67,1236,19999001,0
333,1417724893,377995134,58,66,66,2246,20242001,0
333,1417724893,377995134,59,66,68,1291,19972001,0
334,1417724893,377995134,61,66,75,1299,20167001,0
334,1417724893,377995134,53,66,73,1299,20138001,0
334,1417724893,378995121,64,66,65,1243,20334001,5
334,1417724893,378995121,63,66,67,1291,20190001,0
334,1417724893,378995121,54,66,67,2339,20288001,0
335,1417724893,383995057,50,66,66,2246,20069001,0
335,1417724893,388994992,52,66,65,1232,20263001,0
335,1417724893,388994992,57,66,75,1299,20182001,0
335,1417724893,388994992,60,66,65,1243,19735001,0
335,1417724893,388994992,55,66,67,1297,19540001,0
336,1417724893,388994992,62,66,65,2233,19806001,0
336,1417724893,390994967,56,66,65,1233,19462001,0
336,1417724893,390994967,51,66,67,1236,19945001,0
336,1417724893,397994876,58,66,66,2246,20077001,0
336,1417724893,397994876,59,66,67,1291,20154001,0
337,1417724893,397994876,61,66,74,1299,20296001,3
337,1417724893,398994864,53,66,72,1299,19070001,0
337,1417724893,398994864,64,66,65,1243,19962001,0
337,1417724893,398994864,63,66,67,1297,20167001,0
337,1417724893,398994864,54,66,67,2339,20158001,0
338,1417724893,403994799,50,66,66,2246,20169001,0
338,1417724893,408994735,52,66,65,1232,20318001,2
338,1417724893,408994735,57,66,74,1299,20254001,0
338,1417724893,408994735,60,66,65,1243,20320001,1
338,1417724893,408994735,55,66,67,1297,20303001,1
339,1417724893,408994735,62,66,66,2246,19868001,0
339,1417724893,410994709,56,66,65,1233,19523001,0
339,1417724893,410994709,58,66,66,2246,19972001,0
339,1417724893,417994619,59,66,67,1291,20056001,0
339,1417724893,418994606,61,66,73,1299,20139001,0
340,1417724893,418994606,51,66,68,1265,19935002,0
340,1417724893,418994606,53,66,71,1299,19372001,0
340,1417724893,418994606,64,66,65,1243,20216001,0
340,1417724893,418994606,63,66,67,1297,20485001,4
340,1417724893,418994606,54,66,67,2339,20406001,0
341,1417724893,423994542,50,66,66,2246,20322001,3
341,1417724893,428994477,52,66,65,1232,20267001,0
341,1417724893,428994477,57,66,73,1299,20164001,0
341,1417724893,428994477,60,66,65,1243,20322001,1
341,1417724893,428994477,55,66,67,1297,20265001,0
342,1417724893,429994464,62,66,66,2246,20325001,1
342,1417724893,430994452,56,66,65,1233,19450001,0
342,1417724893,430994452,61,66,72,1299,20087001,0
342,1417724893,438994349,59,66,67,1297,20190001,0
342,1417724893,438994349,51,66,67,1265,20012001,0
343,1417724893,438994349,58,66,66,2246,20174001,0
343,1417724893,438994349,53,66,70,1299,20336001,1
343,1417724893,438994349,64,66,65,1233,20364002,2
343,1417724893,438994349,63,66,67,1297,20270001,0
343,1417724893,438994349,54,66,67,2347,20177001,0
344,1417724893,444994271,50,66,66,2246,20325001,0
344,1417724893,448994220,52,66,65,1230,20431001,0
344,1417724893,449994207,57,66,72,1299,20788001,5
344,1417724893,449994207,60,66,65,1233,20355002,0
344,1417724893,449994207,55,66,68,1318,20273001,0
345,1417724893,449994207,62,66,66,2246,20263001,0
345,1417724893,450994194,56,66,65,1233,20328001,1
345,1417724893,450994194,61,66,71,1299,20204002,0
345,1417724893,458994091,51,66,67,1265,20058001,0
345,1417724893,458994091,58,66,69,2288,20093001,0
346,1417724893,458994091,59,66,67,1297,20123001,0
346,1417724893,458994091,53,66,69,1299,20520001,4
346,1417724893,458994091,64,66,65,1233,20178002,0
346,1417724893,459994078,63,66,67,1297,20508002,1
346,1417724893,459994078,54,66,67,2347,20312001,0
347,1417724893,464994014,50,66,69,2288,20023001,0
347,1417724893,469993949,52,66,65,1230,20163001,0
347,1417724893,469993949,57,66,71,1299,19976002,0
347,1417724893,469993949,60,66,65,1233,19794002,0
347,1417724893,469993949,55,66,67,1318,19516001,0
348,1417724893,469993949,62,66,66,2246,20286002,0
348,1417724893,471993924,56,66,65,1225,20266001,0
348,1417724893,471993924,51,66,68,1291,20237001,0
348,1417724893,478993834,61,66,70,1299,20256002,0
348,1417724893,478993834,58,66,68,2288,20157002,0
349,1417724893,479993821,59,66,67,1297,20079001,0
349,1417724893,479993821,53,66,68,1299,20169002,0
349,1417724893,479993821,64,66,65,1233,19978002,0
349,1417724893,479993821,63,66,68,1318,20076001,0
349,1417724893,479993821,54,66,67,2347,20394002,2
350,1417724893,484993756,50,66,68,2288,20191002,0
350,1417724893,489993692,52,66,65,1230,20259001,0
350,1417724893,489993692,57,66,70,1299,20149002,0
350,1417724893,489993692,60,66,65,1233,19730002,0
350,1417724893,489993692,55,66,67,1318,20317002,1
351,1417724893,489993692,62,66,69,2288,20258002,0
351,1417724893,491993666,56,66,65,1225,18996002,0
351,1417724893,491993666,61,66,69,1299,19991002,0
351,1417724893,499993563,51,66,67,1291,20035002,0
351,1417724893,499993563,58,66,67,2288,20175001,0
352,1417724893,499993563,59,66,67,1297,20095002,0
352,1417724893,499993563,53,66,67,1299,20196002,0
352,1417724893,499993563,64,66,65,1233,20054002,0
352,1417724893,499993563,63,66,67,1318,20048002,0
352,1417724893,499993563,54,66,65,2334,20177002,0
353,1417724893,504993499,52,66,65,1230,20075002,0
353,1417724893,509993434,50,66,67,2288,20309002,1
353,1417724893,509993434,57,66,69,1299,20097002,0
353,1417724893,509993434,60,66,65,1233,20907002,4
353,1417724893,509993434,55,66,68,1340,19450002,0
354,1417724893,510993422,62,66,68,2288,20257002,0
354,1417724893,511993409,56,66,65,1225,18932002,0
354,1417724893,511993409,58,66,70,2335,20240002,0
354,1417724893,519993306,59,66,68,1318,20018002,0
354,1417724893,519993306,51,66,67,1291,19949002,0
355,1417724893,519993306,61,66,68,1299,20251002,0
355,1417724893,519993306,53,66,67,1299,20382002,4
355,1417724893,519993306,64,66,65,1225,20102002,0
355,1417724893,519993306,63,66,67,1318,17949002,0
355,1417724893,519993306,54,66,65,2334,20298002,1
356,1417724893,525993229,50,66,70,2335,20246002,0
356,1417724893,530993164,52,66,66,1240,20258002,0
356,1417724893,530993164,57,66,68,1299,20292002,1
356,1417724893,530993164,60,66,65,1225,19731002,0
356,1417724893,530993164,55,66,67,1340,20303002,1
357,1417724893,530993164,62,66,67,2288,20246002,0
357,1417724893,531993151,56,66,65,1232,19017002,0
357,1417724893,531993151,59,66,67,1318,20174002,0
357,1417724893,539993048,58,66,69,2335,20123002,0
357,1417724893,539993048,51,66,67,1297,20128002,0
358,1417724893,539993048,61,66,67,1299,20125002,0
358,1417724893,539993048,53,66,67,1299,20281002,0
358,1417724893,539993048,64,66,65,1225,20107002,0
358,1417724893,540993035,63,66,68,1340,17921002,0
358,1417724893,540993035,54,66,65,2334,20310002,2
359,1417724893,545992971,52,66,66,1240,20211002,0
359,1417724893,550992907,50,66,69,2335,20150002,0
359,1417724893,550992907,57,66,67,1299,20456002,5
359,1417724893,550992907,60,66,65,1225,20275002,1
359,1417724893,550992907,55,66,67,1340,19532002,0
360,1417724893,550992907,62,66,70,2335,20253002,0
360,1417724893,552992881,56,66,65,1232,18960002,0
360,1417724893,552992881,58,66,68,2335,19936002,0
360,1417724893,559992791,59,66,67,1318,20118002,0
360,1417724893,559992791,51,66,67,1297,20145002,0
361,1417724893,560992778,61,66,67,1299,20357002,0
361,1417724893,560992778,53,66,67,1299,20421002,1
361,1417724893,560992778,64,66,65,1225,20443002,4
361,1417724893,560992778,63,66,67,1340,20705002,3
361,1417724893,560992778,54,66,65,2324,19929002,0
362,1417724893,565992714,52,66,66,1240,19976002,0
362,1417724893,570992649,50,66,68,2335,20250002,0
362,1417724893,570992649,57,66,67,1299,20212002,0
362,1417724893,570992649,60,66,65,1225,19741002,0
362,1417724893,570992649,55,66,67,1347,20322002,1
363,1417724893,570992649,62,66,69,2335,20267002,0
363,1417724893,572992623,56,66,65,1232,20288002,1
363,1417724893,572992623,58,66,67,2339,20251002,0
363,1417724893,580992520,59,66,68,1340,19996002,0
363,1417724893,580992520,61,66,67,1299,20105002,0
364,1417724893,580992520,51,66,67,1297,19618002,0
364,1417724893,580992520,53,66,67,1299,20256002,0
364,1417724893,580992520,64,66,65,1232,20165002,0
364,1417724893,580992520,63,66,67,1340,20017002,0
364,1417724893,580992520,54,66,65,2324,15333002,0
365,1417724893,585992456,52,66,67,1251,20255002,0
365,1417724893,590992392,50,66,67,2339,20069002,0
365,1417724893,590992392,57,66,67,1299,20206002,0
365,1417724893,591992379,60,66,65,1232,20582002,6
365,1417724893,591992379,55,66,67,1347,20266002,0
366,1417724893,591992379,62,66,68,2335,20289002,0
366,1417724893,592992366,56,66,65,1230,18777002,0
366,1417724893,592992366,58,66,67,2339,19569002,0
366,1417724893,600992263,59,66,67,1340,19989002,0
366,1417724893,600992263,61,66,67,1299,20290002,4
367,1417724893,600992263,53,66,67,1299,19995002,0
367,1417724893,600992263,51,66,67,1297,20486002,4
367,1417724893,600992263,64,66,65,1232,20185002,0
367,1417724893,600992263,63,66,67,1347,20192002,0
367,1417724893,600992263,54,66,65,2324,20477002,4
368,1417724893,606992186,52,66,67,1251,20253002,0
368,1417724893,611992121,50,66,67,2339,20159002,0
368,1417724893,611992121,60,66,65,1232,20113002,0
368,1417724893,611992121,57,66,67,1299,20532002,4
368,1417724893,611992121,55,66,67,1347,20266002,0
369,1417724893,611992121,62,66,67,2339,20245002,0
369,1417724893,612992108,56,66,65,1230,20376002,2
369,1417724893,612992108,58,66,67,2339,19205002,0
369,1417724893,620992005,53,66,67,1299,19085002,0
369,1417724893,620992005,59,66,67,1340,19406002,0
370,1417724893,620992005,61,66,67,1299,20221002,0
370,1417724893,620992005,51,66,68,1318,19441002,0
370,1417724893,621991993,64,66,65,1232,20390002,2
370,1417724893,621991993,63,66,67,1347,17604002,0
370,1417724893,621991993,54,66,65,2324,20246002,0
371,1417724893,626991928,50,66,67,2339,20208002,0
371,1417724893,631991864,52,66,67,1251,20146002,0
371,1417724893,631991864,60,66,65,1232,20005002,0
371,1417724893,631991864,57,66,67,1299,20318002,0
371,1417724893,631991864,55,66,67,1347,19379002,0
372,1417724893,631991864,62,66,67,2339,20249002,0
372,1417724893,633991838,56,66,65,1230,20180002,0
372,1417724893,633991838,53,66,67,1299,20216002,0
372,1417724893,640991748,61,66,67,1299,20119002,0
372,1417724893,640991748,58,66,67,2339,20186002,0
373,1417724893,641991735,59,66,67,1347,20011002,0
373,1417724893,641991735,51,66,67,1318,20172002,0
373,1417724893,641991735,64,66,65,1230,20277002,5
373,1417724893,641991735,63,66,67,1347,20618002,8
373,1417724893,641991735,54,66,66,2338,20351002,0
374,1417724893,646991671,52,66,66,1245,20060002,0
374,1417724893,651991606,50,66,67,2339,19995002,0
374,1417724893,651991606,60,66,65,1230,20491002,2
374,1417724893,651991606,57,66,67,1299,20400002,0
374,1417724893,652991593,55,66,68,1373,20326002,1
375,1417724893,652991593,62,66,67,2339,20339002,0
375,1417724893,653991581,56,66,65,1230,20302002,0
375,1417724893,653991581,58,66,67,2347,20034002,0
375,1417724893,661991478,61,66,67,1299,20206002,0
375,1417724893,661991478,53,66,67,1299,20212002,0
376,1417724893,661991478,51,66,67,1318,20111002,0
376,1417724893,661991478,59,66,67,1347,20196002,0
376,1417724893,661991478,64,66,65,1230,20468002,5
376,1417724893,661991478,63,66,67,1347,20025002,0
376,1417724893,661991478,54,66,66,2338,20150002,0
377,1417724893,666991413,50,66,67,2347,20212002,0
377,1417724893,671991349,52,66,66,1245,20236002,0
377,1417724893,672991336,60,66,65,1230,19870002,0
377,1417724893,672991336,57,66,67,1299,20572002,3
377,1417724893,672991336,55,66,67,1373,19157002,0
378,1417724893,672991336,62,66,67,2339,20223002,0
378,1417724893,673991323,56,66,66,1240,20479002,1
378,1417724893,673991323,53,66,67,1299,19716002,0
378,1417724893,681991220,58,66,67,2347,20258002,0
378,1417724893,681991220,51,66,68,1340,19462002,0
379,1417724893,681991220,59,66,67,1347,20040002,0
379,1417724893,681991220,64,66,65,1230,20009002,0
379,1417724893,681991220,61,66,67,1299,19137002,0
379,1417724893,681991220,63,66,68,1373,17390002,0
379,1417724893,682991207,54,66,66,2338,20226000,0
380,1417724893,687991143,50,66,67,2347,20344000,2
380,1417724893,692991078,52,66,66,1245,20246000,0
380,1417724893,692991078,60,66,65,1230,19970000,0
380,1417724893,692991078,57,66,67,1299,20124000,0
380,1417724893,692991078,55,66,67,1373,20290000,1
381,1417724893,692991078,62,66,67,2347,20075000,0
381,1417724893,693991066,56,66,66,1240,20090000,0
381,1417724893,694991053,58,66,67,2347,20117000,0
381,1417724893,701990963,51,66,67,1340,20033000,0
381,1417724893,701990963,53,66,67,1299,19736000,0
382,1417724893,701990963,64,66,65,1230,20421000,6
382,1417724893,701990963,59,66,67,1347,20010000,0
382,1417724893,702990950,61,66,67,1299,20595000,0
382,1417724893,702990950,63,66,67,1373,20279000,1
382,1417724893,702990950,54,66,66,2339,19774000,0
383,1417724893,707990885,50,66,67,2347,20251000,0
383,1417724893,712990821,52,66,66,1245,20252000,0
383,1417724893,712990821,57,66,67,1299,20131000,0
383,1417724893,712990821,60,66,65,1230,20373000,1
383,1417724893,712990821,55,66,68,1399,20242000,0
384,1417724893,712990821,62,66,67,2347,20294000,0
384,1417724893,714990795,56,66,66,1240,20207000,0
384,1417724893,714990795,58,66,65,2334,20200000,0
384,1417724893,721990705,53,66,67,1299,19863000,0
384,1417724893,721990705,51,66,67,1340,20367000,2
385,1417724893,722990692,64,66,66,1240,20100000,0
385,1417724893,722990692,61,66,67,1299,20440000,3
385,1417724893,722990692,59,66,68,1373,20051000,0
385,1417724893,722990692,63,66,67,1373,17254000,0
385,1417724893,722990692,54,66,66,2339,20402000,3
386,1417724893,727990628,57,66,67,1299,20108000,0
386,1417724893,732990563,60,66,66,1240,20107000,0
386,1417724893,732990563,52,66,66,1248,20217000,0
386,1417724893,732990563,50,66,65,2334,20137000,0
386,1417724893,733990551,55,66,67,1399,19230000,0
387,1417724893,733990551,62,66,67,2347,20202000,0
387,1417724893,734990538,56,66,67,1251,20380000,1
387,1417724893,734990538,51,66,67,1347,20252000,0
387,1417724893,742990435,64,66,66,1240,19829000,0
387,1417724893,742990435,58,66,65,2334,19618000,0
388,1417724893,742990435,61,66,67,1299,20058000,0
388,1417724893,742990435,63,66,68,1399,20551000,7
388,1417724893,742990435,53,66,67,1299,20128000,0
388,1417724893,742990435,59,66,67,1373,20032000,0
388,1417724893,742990435,54,66,66,2339,20077000,0
389,1417724893,748990357,52,66,66,1248,20332000,0
389,1417724893,753990293,50,66,65,2334,20240000,0
389,1417724893,753990293,60,66,66,1240,20193000,0
389,1417724893,753990293,57,66,67,1299,20343000,0
389,1417724893,753990293,55,66,67,1399,20455000,1
390,1417724893,753990293,56,66,67,1251,20276000,0
390,1417724893,754990280,62,66,65,2334,20434000,1
390,1417724893,755990267,51,66,67,1347,20090000,0
390,1417724893,762990177,64,66,66,1240,20240000,0
390,1417724893,762990177,58,66,65,2334,20157000,0
391,1417724893,762990177,61,66,67,1299,20129000,0
391,1417724893,762990177,63,66,67,1399,20570000,2
391,1417724893,762990177,59,66,67,1373,21275000,0
391,1417724893,762990177,53,66,67,1299,17960000,0
391,1417724893,763990164,54,66,67,2352,20122000,0
392,1417724893,768990100,50,66,65,2334,19898000,0
392,1417724893,773990036,52,66,66,1248,20000000,0
392,1417724893,773990036,60,66,66,1240,20096000,0
392,1417724893,773990036,57,66,67,1299,20001000,0
392,1417724893,773990036,55,66,67,1413,19265000,0
393,1417724893,773990036,56,66,67,1251,20204000,0
393,1417724893,775990010,62,66,65,2334,20337000,0
393,1417724893,775990010,51,66,67,1347,19927000,0
393,1417724893,782989920,58,66,65,2324,20145000,0
393,1417724893,782989920,64,66,67,1251,20127000,0
394,1417724893,782989920,61,66,67,1299,20164000,0
394,1417724893,783989907,63,66,67,1399,19948000,0
394,1417724893,783989907,59,66,68,1399,20146000,0
394,1417724893,783989907,53,66,67,1299,20530000,2
394,1417724893,783989907,54,66,67,2352,20131000,0
395,1417724893,788989843,52,66,65,1247,19882000,0
395,1417724893,793989778,50,66,65,2324,19945000,0
395,1417724893,793989778,60,66,67,1251,19871000,0
395,1417724893,793989778,57,66,67,1299,20108000,0
395,1417724893,793989778,55,66,67,1413,20325000,1
396,1417724893,793989778,62,66,65,2334,20380000,1
396,1417724893,795989752,56,66,66,1245,20279000,0
396,1417724893,795989752,51,66,67,1347,20098000,0
396,1417724893,803989649,58,66,65,2324,20043000,0
396,1417724893,803989649,64,66,67,1251,20228000,0
397,1417724893,803989649,61,66,67,1299,20361000,4
397,1417724893,803989649,63,66,67,1413,20276000,2
397,1417724893,803989649,59,66,67,1399,20351000,1
397,1417724893,803989649,53,66,67,1299,20266000,0
397,1417724893,803989649,54,66,67,2352,20346000,1
398,1417724893,808989585,50,66,65,2324,20098000,0
398,1417724893,813989521,52,66,65,1247,19981000,0
398,1417724893,813989521,57,66,67,1299,20060000,0
398,1417724893,814989508,60,66,67,1251,20165000,0
398,1417724893,814989508,55,66,67,1413,20271000,0
399,1417724893,814989508,62,66,65,2324,20147000,0
399,1417724893,815989495,56,66,66,1245,18488000,0
399,1417724893,815989495,51,66,68,1373,20274000,0
399,1417724893,823989392,64,66,67,1251,20121000,0
399,1417724893,823989392,58,66,65,2324,20063000,0
400,1417724893,823989392,61,66,67,1299,20274000,0
400,1417724893,823989392,63,66,67,1413,20355000,4
400,1417724893,823989392,59,66,67,1399,20226000,0
400,1417724893,823989392,53,66,67,1299,20235000,0
400,1417724893,823989392,54,66,67,2352,19798000,0
401,1417724893,828989328,50,66,65,2324,20127000,0
401,1417724893,834989250,52,66,65,1247,20232000,0
401,1417724893,834989250,57,66,67,1299,20019000,0
401,1417724893,834989250,60,66,67,1251,20050000,0
401,1417724893,834989250,55,66,67,1413,20223000,0
402,1417724893,834989250,62,66,65,2324,20286000,0
402,1417724893,835989237,56,66,66,1245,20390000,1
402,1417724893,836989225,58,66,65,2324,19716000,0
402,1417724893,843989134,64,66,66,1245,20249000,0
402,1417724893,843989134,51,66,67,1373,20206000,0
403,1417724893,843989134,61,66,67,1299,20131000,0
403,1417724893,843989134,63,66,67,1413,20219000,0
403,1417724893,843989134,53,66,67,1299,20254000,0
403,1417724893,844989122,59,66,67,1413,20221000,0
403,1417724893,844989122,54,66,65,2333,20346000,3
404,1417724893,849989057,50,66,65,2324,20228000,0
404,1417724893,854988993,52,66,66,1259,20192000,0
